2986 4980
317 353 390 407 ΙΙ

351 537 476 653 praef.
506 537 560 621 ad
585 525 801 624 Menandri
831 557 876 624 et
898 537 1144 622 Philemonis
1164 485 1355 672 relitptias

351 671 494 788 (Berol.
511 647 754 784 a.18a3.)p.
773 679 873 784 bsq.
927 673 1037 756 Nam
1049 673 1245 776 Burnejus
1264 683 1356 782 qui-

352 809 450 892 dem
467 829 665 891 nontam
675 809 991 916 βιβλιογράφον
1018 827 1062 888 se
1089 813 1355 906 praestiterat,

353 970 482 1053 quam
507 951 646 1051 potius
678 942 967 1045 βιβλιοτάφον.
1023 939 1199 1042 Scilicet,
1241 941 1357 1048 quod

351 1079 544 1160 Ebertus·
574 1092 714 1165 noster
747 1093 885 1156 narrat
906 1069 950 1184 Ι)
999 1087 1164 1160 auctore
1197 1075 1357 1155 Dibdi-

353 1243 410 1292 no
429 1203 520 1318 ΙΙ),
564 1207 697 1314 editor
737 1237 825 1298 non
858 1209 991 1292 solum
1022 1206 1358 1318 splendidissimis
1409 1210 1411 1214 ’

345 1342 844 1452 'magnificentissimisque
864 1350 973 1456 typis
1001 1343 1151 1426 librum
1174 1339 1358 1440 describi,

353 1474 426 1558 sed
450 1483 574 1557 etiam
596 1473 771 1558 ducenta
792 1475 1081 1559 tantummodo
1106 1477 1290 1583 exempla
1313 1482 1360 1556 in

338 1615 582 1721 'anticorum
609 1637 706 1690 usus
729 1605 964 1719 fierijussit.
1019 1609 1162 1710 Fidem
1184 1608 1264 1688 hoc
1291 1637 1359 1688 su·

354 1763 534 1853 peraret,
555 1751 635 1826 nisi
656 1747 807 1826 saeculi
827 1751 956 1827 nostri
975 1749 1072 1829 vitio
1094 1741 1248 1848 majora
1267 1729 1360 1850 por

356 1895 473 1958 tenta
496 1895 538 1958 ct
557 1879 751 1958 miracula
772 1877 958 1985 quotidie
983 1873 1215 1957 ostenderet
1230 1876 1361 1984 quod-

240 1994 243 1998 *
314 2065 316 2074 ,
355 2017 412 2092 vis
427 2011 509 2090 fere
524 2011 980 2121 disciplinarumflgenus.
1034 2007 1182 2109 ltafit,
1207 2027 1255 2088 ut
1269 2038 1359 2090 raro

356 2125 511 2228 minori
550 2173 676 2253 quam
712 2143 1009 2254 septemdecim
1047 2145 1172 2224 Guin.
1225 2151 1359 2251 pretio

355 2277 628 2360 venumdetur
648 2308 778 2358 unum
791 2263 1044 2386 exemplum,
1069 2304 1147 2358 nec
1160 2269 1237 2358 nisi
1255 2277 1360 2358 forte

258 2503 259 2508 Ἰ
359 2410 544 2518 quodam
569 2421 797 2493 amicorum
810 2413 991 2519 Burneji,
1021 2409 1133 2520 apud
1154 2439 1257 2519 quos
1273 2419 1362 2492 uni·

358 2573 404 2624 ca
425 2573 511 2627 esse
534 2537 683 2647 voluit,
707 2565 870 2627 mortuo
895 2545 1088 2653 librisque
1112 2545 1199 2652 ejus
1220 2553 1264 2626 in
1287 2572 1360 2653 pu·

357 2673 463 2758 blica
487 2684 676 2760 auctione
689 2683 937 2788 propositis.'
981 2681 1084 2760 Mihi
1104 2706 1218 2776 vero,
1247 2677 1362 2790 quod

359 2811 436 2890 alio
450 2805 653 2916 loco***)
669 2821 840 2912 narravi,
859 2819 1029 2920 contigit
1045 2839 1130 2892 esse
1144 2827 1231 2888 tam
1243 2811 1363 2911 felici,

358 2963 405 3023 ut
422 2947 586 3027 emendi
602 2947 860 3046 facultatem,
884 2947 980 3026 licet
995 2950 1155 3053 'ingenti
1173 2945 1361 3051 pecunia,

354 3083 593 3190 invenirem.
652 3085 747 3190 Quo
776 3081 885 3159 facto
916 3108 1003 3160 non
1036 3079 1170 3157 solum
1192 3088 1362 3186 gratiam

358 3217 554 3322 initurum
569 3243 636 3294 me
651 3211 865 3320 sperabam
882 3212 995 3320 apud
1015 3211 1201 3294 homines
1220 3213 1372 3294 harum

223 3349 227 3358 “
359 3373 496 3424 rerum
517 3346 722 3429 studiosos
745 3353 928 3478 repetitis
951 3352 1057 3427 tanti
1076 3351 1147 3427 viri
1171 3351 1363 3460 epistolis,

361 3555 573 3579 m
584 3575 586 3584 ,

401 3649 473 3738 Ι)
495 3650 623 3716 Lexici
646 3651 909 3742 Brbliographioi
929 3651 1009 3718 Τ.Ι.
1029 3677 1061 3744 p.
1081 3651 1161 3721 160.
1185 3655 1363 3742 nr.1953·.

370 3883 373 3891 1
443 3757 969 3878 t*)Decarae1.T.11.p.39o.
1072 3787 1074 3797 '
1109 3801 1122 3810 ”
1172 3783 1174 3790 1

441 3919 513 4006 ΙΙΙ)
533 3919 574 3984 In
594 3925 748 3998 Serboclr'r
769 3917 973 3988 bibliotheca
993 3925 1105 3988 critica
1125 3927 1174 3989 rei
1195 3923 1365 3991 scholasti-

367 4042 423 4088 oae
444 4045 473 4090 a.
489 4019 611 4092 frast.
631 4021 714 4092 Vol.
729 4024 791 4092 VI.
811 4023 850 4092 P.
868 4023 901 4090 lt.
922 4048 955 4116 p.
971 4021 1044 4093 385
1062 4049 1133 4116 sqq.
