2950 4998
1018 475 1112 582 21¹⁷

60 727 63 732 .
111 663 265 738 multum
304 660 411 735 etiam
430 650 674 758 ¹profligarunt
706 661 745 732 in
774 659 924 736 Polluce
953 663 1112 754 edendo,

111 825 193 870 cum
218 793 363 868 Kuhnii
390 797 505 888 notis,
533 823 616 866 cum
655 823 728 895 quo
747 797 1033 903 'communicavi'
1052 825 1113 884 tta·¹
1167 829 1168 838 ¹

110 933 178 1006 rias
200 930 394 1019 lectiones,
423 955 511 1029 quas
531 927 725 1003 Salmasius
751 957 795 1005 ex
816 929 953 1018 Codice
978 930 1110 1036 Palati·

92 1094 158 1164 *no
183 1063 362 1166 quantivis
386 1064 494 1165 pretii
525 1065 735 1164 collegerat²
766 1088 802 1141 et
834 1063 1109 1141 animadversio·

108 1229 171 1276 nes
203 1227 245 1274 ac
269 1198 517 1274 annotationes
544 1199 697 1312 Henrici
727 1201 897 1298 vallesii,
928 1228 1024 1300 quas
1041 1229 1108 1278 suo

108 1337 205 1410 libro
228 1334 490 1435 adscripscrat,
520 1355 623 1408 utet
651 1336 764 1410 isaaci
790 1336 921 1424 Vossii
941 1355 1108 1436 excerpta
1194 1353 1199 1368 ¹

108 1498 155 1547 ex
183 1499 250 1546 suo
281 1469 407 1580 codice
435 1470 597 1570 egregio,
630 1470 761 1571 quihus
795 1469 972 1547 acoedunt
1000 1491 1107 1576 notae

106 1608 293 1683 uberiores
331 1603 553 1704 Gothofredi
589 1604 849 1704 Juugermanni
886 1607 926 1680 in
948 1583 1106 1708 ,priores

106 1766 248 1845 septem
278 1759 339 1814 aut
362 1729 603 1847 octolibrosf
626 1739 749 1842 quiet
773 1741 857 1842 ipse,
885 1716 1021 1848 novam?
1036 1741 1106 1816 hu·
1151 1803 1152 1808 1
1201 1749 1202 1756 ’

105 1887 161 1978 jus
184 1875 370 1976 scriptoris
389 1872 586 1948 editionem
612 1872 829 1966 adornabat,
853 1875 892 1948 iu
912 1876 1038 1976 primis
1053 1877 1107 1949 fe·

106 2043 144 2089 re
169 2009 363 2114 superioris
388 2008 501 2082 seculi
521 2010 641 2106 anuis,
667 2009 732 2084 sed
757 2011 930 2088 acerbitas
951 2012 1015 2088 fati
1028 2037 1104 2084 non

104 2151 188 2226 sivit
211 2148 315 2220 illam
340 2146 523 2252 perficere.
572 2147 630 2222 De
653 2144 717 2228 lite
744 2147 922 2224 Gronovii
945 2168 984 2241 et
1005 2146 1104 2222 Peri·

105 2282 203 2359 zonii
233 2280 279 2356 de
308 2301 424 2354 morte
448 2278 563 2354 Judae
593 2299 629 2354 et
652 2307 741 2384 voce
770 2279 1019 2382 ἀπάγχεσθαι
1039 2309 1106 2358 nc·

104 2419 180 2493 scio
202 2444 249 2488 an
271 2413 411 2516 aliquid
435 2414 600 2490 audieris.
652 2413 727 2490 Sed
750 2417 841 2490 tanti
863 2445 939 2492 non
959 2393 1103 2497 estmo-

99 2555 228 2630 menti.
277 2550 386 2646 Vale,
405 2551 474 2625 Vir
498 2551 662 2645 Summe,
688 2570 724 2624 et
745 2577 804 2625 me
831 2551 886 2626 tui
912 2553 1102 2628 observan-

102 2689 282 2810 tissimum
304 2710 422 2760 amare
443 2713 562 2788 perge.
615 2685 839 2785 TraJectiD,
862 2685 1009 2764 XXIII.
1023 2680 1101 2757 No·
1160 2797 1162 2804 ,

101 2823 220 2898 vemb.
243 2815 492 2895 clotoccH.

178 2957 404 3030 Burmannus
442 2953 566 3032 noster
602 2955 768 3030 nondum
797 2955 846 3030 ad
879 2980 947 3028 nos
981 2948 1101 3026 rediit.⁸

102 3093 326 3194 Expectatur
359 3089 475 3166 indies
484 3091 515 3182 ,’
540 3112 576 3164 et
611 3089 705 3164 mihi
732 3084 833 3192 ipse'
852 3081 1002 3166 deferet
1029 3112 1099 3181 eas,
1118 3075 1155 3116 '⁶'

101 3253 194 3330 quas
220 3225 284 3303 ubi
306 3251 478 3328 accepero
498 3223 589 3302 Viro
613 3225 670 3300 illi
694 3225 856 3324 erudito,
877 3228 944 3307 uhi
965 3249 1099 3301 nomen

101 3371 182 3463 ejus
207 3388 385 3462 cognom,
418 3362 546 3462 gratias
568 3391 669 3464 agam
691 3383 726 3438 ct
750 3362 895 3463 publioe
925 3383 960 3438 et
986 3358 1100 3461 priva·

98 3499 181 3575 tim.
233 3497 373 3572 Interea
396 3521 590 3596 quaesout
615 3499 787 3574 meavice
808 3497 967 3597 fungaris
990 3489 1098 3592 'apud

99 3663 205 3724 eum,
238 3632 269 3705 si
293 3631 441 3733 quando
465 3631 607 3742 vitieris.
658 3635 818 3708 Salutem
838 3656 982 3733 quoquc
1013 3625 1098 3717 dico

98 3767 271 3846 Neocoro
286 3788 410 3842 nostro
436 3769 574 3869 optimo
587 3792 624 3843 et
646 3767 864 3861 doctissimo.
917 3766 1100 3839 Praestan-

98 3906 279 3978 tissimum
301 3931 434 3982 munus
458 3903 635 3979 Praesulis
648 3902 877 3982 Norvicensis
897 3899 1097 3996 catalogum
1111 3899 1179 3971 141

99 4039 210 4116 MSS.
244 4039 562 4136 Britannicorum,
591 4067 648 4112 me
681 4063 775 4114 recte
807 4035 1002 4134 accepisse,
1035 4027 1101 4103 leti

101 4175 293 4253 nescivisse
325 4173 434 4280 hujus
467 4173 554 4248 doni
582 4196 764 4277 auctorem
797 4193 845 4264 ut
870 4170 904 4245 ei
925 4165 1101 4266 significes
1141 4231 1142 4234 ,
