2906 5010
312 425 353 492 10

309 603 373 661 tem
389 593 487 674 l’luti,
508 595 540 655 et
559 573 672 654 deinde
686 588 727 649 in
748 595 912 667 sequentes
931 587 1051 648 tebutss
1073 569 1237 669 quousque
1253 577 1317 649 tihi

310 702 455 765 lubitum·
465 697 562 761 suerit
570 719 588 773 ,·
615 685 843 775 quamprimum
867 699 1027 772 pertexas:
1060 711 1153 772 quam
1175 691 1216 752 ob
1238 699 1317 750 caui

310 825 376 866 sam
406 798 603 884 conjectuins'
626 815 711 857 meas
741 803 772 856 et
802 791 1035 854 emendationes
1056 794 1195 874 itemque
1213 795 1319 870 ramas

308 907 470 970 Lectiones
494 899 582 964 MSS.
602 900 638 960 in
658 899 780 978 reliqua
802 895 895 972 Pluti,
918 911 1012 976 quam
1032 895 1100 956 lieri
1119 899 1226 979 potuit
1243 899 1318 959 bre.

309 1012 436 1074 vissime
468 1009 660 1079 contractas,
702 1001 782 1060 calci
809 999 903 1082 hujus
931 997 1085 1080 Epistolae
1108 1001 1248 1077 attexui,
1279 1009 1319 1060 nt

311 1118 362 1176 ea's
385 1133 456 1174 cum
475 1109 537 1169 tuis
558 1124 737 1186 comparare
755 1121 870 1184 posses.
919 1100 967 1162 De
986 1100 1173 1164 Florentinis
1194 1102 1321 1164 addita-

312 1215 428 1278 mentis
451 1211 505 1288 (da
519 1211 638 1290 quibus
656 1205 767 1268 merito
790 1205 1009 1286 conquereris)
1030 1225 1080 1264 res
1101 1205 1137 1266 in
1156 1207 1241 1268 vado
1263 1215 1318 1267 est.

311 1317 392 1380 Nam
407 1313 552 1397 'quamvis
574 1332 610 1372 ea
630 1329 695 1370 nou
717 1309 757 1368 ad
777 1308 894 1368 calcem
914 1307 1070 1369 Editionis
1091 1327 1178 1370 meae
1197 1313 1318 1393 rejece-

311 1422 374 1481 rinr
396 1415 497 1498 (quod
517 1414 599 1476 forte
620 1412 788 1472 rionnullos
811 1410 968 1484 offendere
988 1411 1131 1492 poteret)
1155 1413 1247 1493 signo
1265 1423 1316 1472 ta-

311 1541 386 1582 men
409 1519 511 1600 aliquo
541 1517 579 1578 ab
600 1514 722 1577 Aldinis
751 1513 895 1590 distinxi,
931 1533 971 1574 ne
999 1509 1160 1576 hectorem
1182 1517 1318 1598 amplius

311 1624 422 1686 iallere
449 1627 583 1702 possent.
649 1617 696 1678 De
725 1616 889 1678 Bisetianis
921 1624 953 1676 et
987 1613 1209 1678 Bourditrianis
1242 1620 1319 1701 qnid

242 1719 245 1726 ’
314 1724 442 1790 dicam?
482 1721 574 1806 Nosti
594 1720 756 1802 ingenium
776 1719 954 1795 hominum,
989 1720 1041 1800 qui
1061 1718 1149 1780 illico
1170 1721 1321 1794 clamant,

313 1809 494 1891 Editiouem
522 1845 586 1886 esse
606 1822 842 1904 imperfectam,
878 1822 906 1882 si
928 1823 1090 1902 quicquam
1111 1823 1148 1882 iu
1169 1843 1208 1884 ea
1228 1825 1321 1899 desit,

314 1932 398 2014 quod
423 1931 544 2013 priores
571 1925 664 1988 Editt.
692 1924 834 1986 habeant.
896 1923 979 1986 Hinc
1003 1923 1046 2000 lit,
1075 1929 1112 1986 sit
1131 1925 1166 1984 in
1187 1925 1319 1986 edendis

313 2034 405 2098 libris
431 2053 497 2093 non
532 2031 632 2090 solum
662 2026 817 2088 voluntati
851 2025 1014 2088 homiuum
1045 2028 1225 2104 doctorum,
1261 2030 1319 2090 sed

315 2139 408 2198 etiam
442 2134 581 2196 moribus
608 2131 705 2189 seculi
732 2139 763 2190 et
788 2131 876 2189 lucro
904 2129 1145 2211 bibliopolarum
1174 2133 1318 2198 cervien„-
1409 2156 1410 2162 ¹

314 2241 389 2300 dum
410 2236 460 2298 sit.
515 2231 614 2306 Quam
635 2232 752 2292 vellem
774 2250 843 2292 eam
865 2251 930 2292 esse
952 2250 1058 2292 rerum
1079 2253 1215 2294 mearum
1237 2255 1318 2295 oon-

314 2341 485 2415 ditionem,
522 2343 557 2396 ut
582 2333 678 2416 magis
709 2354 751 2395 ex
776 2333 906 2394 arbitrio
926 2354 995 2394 meo
1016 2353 1084 2395 rem
1112 2335 1191 2396 mihi
1209 2341 1319 2417 gerere

314 2444 433 2505 liceret.
475 2439 517 2500 At
540 2458 626 2500 nuno
644 2457 719 2498 cum
740 2438 827 2498 omni
856 2436 980 2519 publico
1002 2457 1131 2498 munere
1153 2439 1319 2502 dmtitutns

316 2549 376 2608 sim
399 2543 472 2628 (quo
493 2551 600 2602 tamen
620 2561 686 2602 non
706 2550 769 2601 tam
793 2541 935 2602 fortunae
952 2539 1131 2620 iniquitate,
1154 2564 1246 2622 quam
1265 2545 1322 2627 ju-

316 2649 402 2711 dicio
423 2656 455 2706 et
473 2645 634 2707 voluntate
652 2665 722 2704 mea
744 2663 850 2704 carere
872 2663 921 2704 me
939 2641 1054 2721 fateor)
1074 2644 1229 2707 industria
1248 2669 1321 2708 mea

318 2759 365 2812 est
389 2747 469 2811 mihi
497 2767 601 2836 sacrae
629 2747 783 2806 anchorae
812 2747 898 2806 loco:
940 2746 1028 2827 cujus
1058 2756 1165 2807 tamen
1193 2750 1319 2812 nullum

318 2873 429 2934 capere
448 2871 571 2932 possum
599 2850 749 2924 fructum,
788 2849 850 2908 nisi
877 2837 1006 2908 habeam
1028 2849 1231 2932 bibliopolas,
1265 2855 1322 2933 qui

317 2975 372 3036 spe
394 2953 474 3014 lucri
494 2953 723 3012 ltsonbratibnos
743 2971 826 3011 meas
847 2952 954 3031 praelo
976 2953 1110 3020 tradant.
1160 2953 1200 3014 Et
1219 2955 1322 3015 adhue

318 3059 444 3139 quidem
469 3067 523 3115 res·
542 3058 622 3116 bene
644 3063 676 3114 ot
702 3074 742 3113 ex
760 3063 833 3114 voto
854 3055 960 3132 cessit,
992 3064 1025 3114 et
1046 3075 1137 3135 spero
1157 3057 1191 3115 in
1212 3067 1320 3138 poste-

316 3181 404 3234 rum,
432 3159 507 3219 dum
528 3158 587 3218 erit
605 3177 693 3218 niens
712 3167 786 3217 sana
808 3157 843 3218 iu
865 3175 995 3238 corpore
1016 3177 1100 3216 sano.
1142 3157 1226 3221 Illud
1246 3171 1321 3230 tans

316 3259 383 3322 lum
405 3261 506 3335 doleo,
529 3281 594 3320 non
615 3261 686 3340 plus
708 3260 787 3320 mihi
810 3267 973 3342 suppetere
995 3261 1052 3320 otii
1072 3261 1111 3320 ad
1131 3263 1321 3325 elaboranda

286 3429 295 3451 ι
318 3373 350 3424 et
368 3349 572 3443 perpolienda
590 3382 627 3421 ea
634 3406 642 3438 ,
677 3383 755 3441 quae
777 3364 832 3423 sub
852 3363 991 3424 minibus
1018 3363 1127 3424 habeo.
1178 3363 1215 3424 Si
1234 3366 1321 3428 enim

316 3485 415 3529 uuum
435 3464 537 3525 adhuc
558 3466 610 3526 rel
631 3466 762 3525 alterurn
784 3485 901 3528 aunum
925 3465 1122 3546 Aristophani
1135 3452 1322 3548 impendere

316 3574 472 3651 licuisset,
501 3590 567 3631 uon
590 3568 715 3639 dubito,
745 3569 821 3648 quin
843 3570 941 3628 multo
961 3570 1239 3648 plura-observare
1259 3591 1321 3650 po-

294 3703 297 3709 ·
318 3679 465 3753 tuissem,
500 3693 577 3755 quae
595 3691 681 3732 nuno
696 3680 920 3751 properantem
940 3671 1096 3752 effugiunt.
1159 3671 1322 3732 Matumn-

319 3779 377 3841 dae
399 3778 483 3839 enim
506 3776 583 3836 mihi
605 3785 677 3834 sunt
703 3772 797 3834 Editt
820 3783 856 3832 ut
877 3789 941 3833 non
964 3775 1064 3834 solum
1083 3775 1216 3836 habeam
1236 3777 1321 3836 uude

319 3883 442 3957 viram,
472 3879 527 3939 sed
548 3879 639 3938 etiam
664 3877 748 3937 unde
768 3877 916 3936 viaticum
936 3877 1062 3956 aliquod
1080 3887 1122 3937 ·et
1149 3879 1322 3938 subsidium

320 3986 442 4043 suturae
471 3980 624 4042 senectuti
651 3981 703 4054 (si
732 3998 877 4058 eousque
894 3980 1002 4041 vivere
1030 3979 1108 4040 mihi
1142 3982 1321 4062 continget)

322 4099 506 4165 comparem.
546 4083 616 4145 ‘Hoc
645 4101 759 4156 unum,
797 4082 913 4160 fateor,
932 4105 935 4112 ·
951 4091 1013 4159 est,
1050 4083 1133 4164 quod
1153 4084 1323 4164 aliquando

324 4191 403 4248 susle
431 4201 479 4247 nra
508 4187 615 4261 habet,
652 4186 816 4264 minusque
838 4186 989 4246 sinceram
1012 4205 1051 4246 ex
1072 4185 1233 4246 literarum
1254 4197 1324 4246 stu-

1076 4291 1110 4352 ί
