2950 4998
681 723 749 826 Ep.
777 709 994 824 XXXVII,
1098 815 1102 822 ⁸
1214 710 1219 718 ’

251 907 320 970 tao
428 918 536 969 vrato
563 915 715 975 surano
741 917 1274 988 arenaunounrrrnnto„
1316 961 1319 970 .

671 1025 675 1035 Χ
760 1057 937 1129 s.t³...tt.3
1080 1032 1082 1038 ’

645 1189 673 1238 J.
708 1192 745 1239 G·
780 1191 1020 1244 GRABVIUS·

414 1338 502 1416 Non
543 1337 729 1412 miraberis
768 1337 909 1440 saepius
948 1365 1008 1414 me
1040 1333 1175 1412 litteras
1212 1333 1261 1409 ad
1298 1317 1336 1410 te

336 1475 422 1547 dare
461 1473 649 1574 juvenibus
681 1473 797 1548 bonae
830 1473 963 1550 mentia
993 1479 1036 1547 ac
1071 1467 1335 1572 Φιλομαιῖἑσι.

335 1597 536 1688 Nemo'me
563 1607 666 1682 audit
695 1606 742 1682 de
763 1608 977 1684 cultioribm
998 1608 1135 1684 artibus
1162 1603 1339 1679 disseren-

334 1767 422 1842 tem,
445 1743 535 1846 quin
556 1766 594 1818 et
613 1743 736 1818 audiat
757 1743 897 1844 saepius
917 1763 1258 1820 commemorantem
1281 1739 1338 1814 tui

336 1880 490 1980 ingenii,
530 1873 715 1953 doctrinae
752 1903 793 1951 ac
825 1876 979 1977 virtutis,
1021 1878 1147 1954 laudes
1181 1876 1336 1953 meritas.

335 2017 435 2089 Hinc
457 2039 582 2112 omnes
608 2035 644 2087 te
667 2010 836 2110 videndi,
861 2011 1116 2114 cognoscendi,
1142 2035 1178 2088 et
1200 2037 1337 2105 corant,

310 2127 447 2250 ‘quem
466 2168 548 2221 ante
570 2147 832 2248 suspiciebant,
856 2146 1049 2224 venerandi
1080 2146 1263 2223 desiderio
1284 2165 1337 2219 te·

335 2291 489 2375 nentur,
528 2281 737 2382 quicunque
766 2283 806 2357 in
834 2305 988 2361 vestram
1016 2283 1157 2359 beatam
1180 2279 1337 2356 insulam

336 2415 573 2494 contendunt
639 2415 714 2505 Qui
741 2417 807 2492 baa
837 2417 906 2492 tibi
937 2417 1028 2494 feret
1052 2420 1257 2495 'Germanus
1280 2437 1338 2494 est

319 2529 517 2656 optimus,
553 2573 590 2629 ct
613 2580 682 2661 pro
702 2575 812 2655 captu
832 2543 1060 2628 aeratirsatis
1089 2549 1253 2630 eruditus
1279 2556 1338 2650 ju·

328 2687 453 2784 renis,
503 2687 620 2772 omnis
672 2713 757 2762 eane
805 2686 1019 2762 eruditionis
1068 2685 1337 2789 cupidissimus,

334 2813 455 2926 quem:
470 2822 501 2897 si
525 2821 679 2898 comiter
711 2821 901 2896 admittere
933 2819 1155 2922 dignaberis,
1189 2822 1337 2922 augebis

334 2951 525 3032 numerum
555 2985 710 3054 eorum,
735 2958 804 3058 ,qui
824 2977 861 3031 te
891 2956 1037 3053 colunt,
1066 2980 1102 3034 et
1125 2980 1185 3032 tua
1210 2955 1249 3031 in
1273 2983 1337 3031 me

330 3093 547 3166 beneficia.¹>
574 3092 678 3180 Quid
701 3092 857 3167 scribam
878 3090 925 3168 de
946 3119 986 3167 re
1007 3093 1178 3168 litteraria
1199 3094 1257 3169 vix
1278 3093 1337 3166 in·

299 3249 302 3256 ’
337 3205 469 3300 renio·
512 3227 597 3300 Vita
627 3227 769 3325 Procli,
805 3253 914 3328 quam
930 3227 1110 3302 ,Marinus
1142 3229 1339 3302 memoriae

147 3342 172 3418 Ἰ
338 3357 520 3460 prodidit,
552 3363 690 3461 integra
714 3363 759 3434 ‚in
791 3361 984 3436 Germania
1017 3385 1071 3438 est
1098 3361 1213 3459 edita,
1249 3391 1339 3438 oum

340 3523 413 3572 non
443 3499 568 3598 exigua
609 3525 691 3597 pars
726 3495 848 3571 adhuc
877 3498 985 3571 fuerit
1017 3497 1226 3573 desiderata.
1277 3499 1338 3573 De

259 3659 325 3709 121
343 3632 626 3732 Inscriptionum
653 3621 825 3710 Veterum
845 3660 1015 3734 corpore,
1047 3633 1149 3732 quod
1170 3634 1233 3710 hic
1258 3662 1340 3709 mo·

222 3797 228 3812 ·
343 3767 500 3841 liebatur
522 3769 670 3877 Halma,
695 3768 867 3870 nuperius
889 3767 958 3842 tibi
984 3769 1130 3870 scripsi3
1155 3767 1220 3842 sed
1239 3797 1340 3842 nunc

341 3901 485 3977 videtur
508 3904 553 3974 ab
581 3903 654 3978 hoc
681 3904 847 3978 instituto
881 3901 1070 3978 deterritus
1094 3905 1217 3979 nescio
1247 3931 1344 4005 quo·

326 4057 426 4108 'rum
448 4064 571 4133 suasu,
598 4059 633 4111 et
648 4060 843 4113 *sumtuum
863 4037 1125 4140 magnitudine,
1149 4039 1346 4142 praecipue

346 4198 430 4245 cum
448 4173 554 4290 pauci
579 4174 651 4247 sint
673 4176 738 4278 qui
760 4175 907 4252 nomina
928 4175 1040 4254 velint
1061 4173 1146 4251 dare
1160 4173 1209 4250 ad
1221 4184 1349 4250 emen·
