2986 4980
600 396 604 426 t

330 435 380 505 52

330 609 498 685 rrethonis
525 607 838 708 apotelesmatum‚
877 629 1034 703 quorum
1063 602 1259 680 editionem
1297 602 1340 674 in

320 745 523 820 Germania
548 741 733 820 adornant.
794 735 879 811 Non
904 738 1008 837 potui
1030 759 1156 812 nutem·
1175 737 1338 812 celeber·-

330 883 461 954 rimum
485 875 758 968 Bernhardum‚
789 891 899 974 quem
925 873 986 946 hic
1011 874 1117 946 nobis
1141 874 1337 972 complecti
1475 928 1476 998 p

331 1015 455 1091 datum
478 1013 565 1106 fuit,
588 1011 664 1084 sine
690 1008 777 1082 meis
797 1014 839 1080 ad
859 1035 922 1082 vos
944 1005 1133 1082 dimittere
1183 1005 1334 1080 Utinam
1475 1001 1476 1012 ¹

323 1159 367 1231 'dt
386 1171 426 1220 tu
449 1148 487 1220 in
508 1146 667 1219 animum
689 1141 862 1218 iuducere
887 1167 1009 1242 posses
1030 1140 1078 1216 nd
1106 1167 1173 1214 nos
1196 1149 1241 1213 ‘ut
1267 1143 1336 1214 ali·
1476 1150 1477 1234 i

325 1280 478 1383 quando
495 1279 661 1377 traJicias.
713 1275 820 1350 Nihil
836 1303 919 1351 sanc
936 1277 1042 1348 nobis
1061 1271 1224 1350 accidere
1246 1303 1333 1375 pos-

330 1438 384 1490 set
409 1413 642 1490 desideratius
660 1433 697 1486 et
719 1411 885 1512 optatius.
950 1410 1089 1484 Interea
1111 1429 1227 1484 cetera
1246 1388 1334 1485 sunit

330 1551 593 1650 Epigrammata
614 1546 708 1648 typis
734 1544 923 1646 descripto,
948 1566 985 1618 et
1007 1572 1088 1646 pass
1103 1545 1339 1646 Fragmentu-

331 1669 424 1759 πιιιιι.1
483 1683 636 1781 Reliqua
674 1680 908 1782 cupidissime
942 1679 1060 1754 indies
1095 1701 1333 1780 expectamus.

330 1818 429 1893 Tum
448 1818 500 1895 cis
522 1841 657 1918 paucos
674 1813 751 1888 dies
766 1814 904 1891 videbis
922 1835 1041 1889 totum
1057 1813 1336 1892 Callimachum.
1354 1853 1356 1856 ·

325 1953 412 2030 dam
433 1951 536 2052 quod
560 1949 692 2025 addam
712 1977 787 2023 non
813 1949 951 2046 habeo,
975 1949 1047 2023 uisi
1070 1935 1169 2051 quod
1198 1970 1338 2048 optem,

267 2081 316 2154 62
332 2109 373 2162 ut
413 2086 530 2162 valeas
567 2083 787 2178 diutissime,
832 2105 868 2160 et
899 2085 1021 2158 omnia
1060 2111 1160 2183 geras
1182 2110 1225 2156 ex
1253 2111 1338 2158 seu·

315 2220 455 2340 ¹tentia.
515 2217 675 2318 Traiecti
698 2219 921 2300 Batavorum.
949 2217 999 2296 D.
1030 2217 1171 2296 XXIV.
1203 2219 1338 2298 Octob.

334 2357 486 2456 Gregor.
502 2353 803 2434 cloloexcvl.

330 2482 333 2488 ¹
400 2490 511 2548 Eadem
528 2490 702 2566 inscriptio,
731 2473 854 2563 quaein
874 2509 921 2566 ep.
939 2491 1039 2551 XVII.
1134 2553 1139 2563 ,
1228 2479 1232 2486 ’

712 2641 781 2742 Ep.
815 2641 958 2722 XVIII.

270 2776 320 2855 65
408 2803 519 2858 tuto
557 2799 709 2856 sonno
747 2760 992 2850 urcuiuno
1026 2803 1259 2854 nnnrcnro

647 2922 674 2968 ι.
714 2921 750 2968 c.
784 2919 1024 2974 cutnrrus.
1212 2883 1214 2888 ¹

413 3033 461 3106 Et
480 3049 574 3132 quae
596 3033 769 3132 nuperius
789 3029 919 3106 misisti
940 3033 1135 3134 fragmenta
1154 3033 1223 3106 tuis
1239 3035 1341 3109 notis

336 3171 530 3260 illustrata,
573 3185 610 3238 et
643 3191 734 3263 quae
767 3165 880 3240 modo
922 3168 1044 3270 accepi
1079 3166 1342 3268 pulcherrima,

300 3361 303 3369 .
338 3295 433 3380 recic
454 3311 575 3376 curate
599 3303 694 3372 sunt.
753 3297 888 3374 'Priora
911 3305 982 3399 'pam
1006 3323 1172 3376 exercent
1194 3303 1341 3402 procla,

300 3464 304 3469 ·
337 3461 430 3533 (piae
452 3432 543 3507 haec
567 3425 756 3532 excipient.
831 3433 1109 3510 Observationes
1135 3405 1216 3513 tude
1242 3439 1344 3514 inter·

337 3568 493 3643 aliorum
522 3545 713 3642 doctorum
736 3567 927 3680 hominnm
951 3573 1198 3646 annotationes
1223 3572 1343 3671 fulge·

328 3699 448 3802 ¹bunt,
485 3723 521 3780 et
539 3723 579 3776 ut
607 3702 701 3775 inter
727 3702 867 3776 minora
890 3703 1015 3807 sydera
1037 3705 1134 3780 luna.
1192 3706 1340 3782 Vellem

327 3841 376 3912 ›in
401 3843 577 3936 majorem
606 3835 741 3912 molent
766 3838 1021 3937 excrevissent,
1058 3867 1132 3942 quo
1154 3840 1259 3940 plura
1281 3840 1339 3914 di·

335 3981 514 4052 sceremus
536 3987 679 4064 omnes,
717 3996 807 4071 qnae
832 3999 936 4057 nunc,
956 3973 1174 4072 ignoiamus.
1233 3975 1337 4075 Rogo

262 4165 264 4170 .
334 4125 372 4188 te
402 4115 446 4183 ει
471 4131 538 4204 per
563 4105 770 4186 communia
797 4104 916 4180 studia
946 4107 1105 4186 obtestor
1112 4147 1147 4204 ,ο
1162 4129 1204 4182 ut
1234 4111 1338 4195 colli·
