2950 4998
343 394 416 472 130

341 596 494 654 tnerunt.
545 569 630 648 Non
662 570 829 666 λήψεται
862 591 899 646 et
920 569 1116 666 λήψονται
1136 596 1279 670 semper
1296 573 1341 644 in

340 711 449 789 Msw·
469 707 715 786 Alexandrino
737 729 772 780 et
801 727 938 788 vetusto
960 705 1028 782 illo
1053 704 1344 806 cantabrigiensi

258 849 327 944 157
340 843 540 950 λήμψεται
563 865 600 920 et
624 841 851 944 λήμψονται
875 839 1090 918 exarantur?
1119 869 1196 918 non
1214 839 1342 940 κάψα

339 1005 377 1062 et
397 981 549 1082 κάμινον
564 977 662 1082 apud
677 976 901 1080 Hesychium
921 973 1148 1056 etSuidaml
1170 1021 1225 1040 -
1244 977 1341 1052 Scio

234 1155 238 1170 ·
338 1150 365 1197 ν
389 1139 471 1194 ante
495 1119 580 1211 βμ
598 1144 626 1192 π
646 1113 758 1198 hodie
781 1114 899 1190 efferri
923 1135 1092 1216 tanquam
1115 1144 1158 1214 μ.
1176 1113 1246 1192 τὸν
1265 1111 1340 1188 πί-

340 1232 421 1332 θον
439 1274 518 1326 tom
541 1249 686 1350 pithon,
711 1248 780 1326 τὸν
800 1246 924 1328 πόκον
946 1270 1022 1324 tom
1040 1274 1172 1349 pocon.
1223 1244 1341 1320 Nulla

339 1412 460 1464 tamen
485 1411 553 1463 vox
575 1385 672 1488 apud
686 1386 845 1462 Graecos
867 1371 907 1464 iri
929 1417 962 1484 μ
987 1383 1127 1490 literam
1147 1379 1243 1457 exire
1268 1407 1339 1482 po·

340 1523 429 1614 tuit3
457 1541 500 1596 ut
525 1541 566 1596 tu
588 1518 658 1596 scis
687 1519 775 1622 ipre.
826 1518 952 1620 Pergis
980 1516 1080 1598 lonis
1104 1519 1233 1618 -elegos
1254 1543 1339 1592 cor·

339 1659 455 1759 rigere
488 1700 541 1718 -
561 1653 710 1758 χρυσὸς
744 1649 862 1734 Οἶνον,
883 1650 978 1753 ἔχων,
994 1663 1090 1757 χῖον
1118 1649 1265 1748 aeglea.
1280 1657 1341 1740 εἰς

338 1790 492 1894 ἔδαφος.
543 1791 677 1884 νιζὲτω
706 1791 843 1893 passive
867 1791 1000 1894 accipis
1031 1818 1100 1892 pro
1127 1802 1341 1882 evacuetw,

338 1933 501 2026 eluatur,
521 1929 766 2026 abstergatur.
796 1933 886 2002 Sane
904 1925 935 2000 si
948 1924 1202 2027 hujuscemodi
1216 1949 1343 2000 emen-

339 2062 504 2140 dationes
519 2062 586 2138 tihi
599 2059 929 2162 belleprocedunt,
949 2058 1016 2135 Nil
1029 2059 1122 2136 intra
1136 2083 1190 2136 est
1203 2061 1342 2156 oleam,

338 2196 435 2272 nihil
457 2217 554 2272 extra
576 2216 630 2272 est
652 2195 690 2268 in
710 2223 802 2270 nuce
825 2195 918 2271 duri.
967 2196 1073 2296 Ipse,
1092 2195 1123 2270 ri
1145 2195 1341 2278 beneme-

338 2330 450 2432 mini,
483 2331 535 2407 sic
563 2329 745 2430 legebam:
794 2328 879 2408 ὅδ’
908 2328 1072 2428 ἕκαστος
1096 2324 1213 2408 Οἶνον
1238 2327 1341 2430 οχον

327 2476 481 2571 χειροῖν
509 2464 619 2560 ἱζέτω
644 2470 698 2556 εἰς
726 2461 879 2568 ἔδαφος.
944 2465 1087 2544 Possim
1112 2464 1221 2546 etiam
1249 2493 1339 2565 pro·

327 2603 420 2704 ‘pins
442 2599 614 2676 accedere
630 2597 679 2676 ad
702 2623 882 2703 receptam
906 2601 1129 2702 Scripturam
1158 2598 1232 2678 hoc
1255 2627 1340 2676 mo-

266 2723 269 2728 *
322 2738 405 2817 Vde:
457 2737 480 2814 ὁ
511 2735 548 2814 δ’
582 2735 756 2839 ἐρυθρὸν
789 2730 905 2816 Οἶνον
925 2756 992 2810 etc.
1031 2729 1137 2824 οἶνος
1165 2732 1340 2836 ἐρυθρὸς

335 2875 512 2952 familiare
551 2868 739 2972 epitheton
772 2869 874 2971 apud
906 2867 1118 2945 Homerum.
1193 2868 1338 2972 Αὐτὰρ

256 3039 260 3050 ·
335 3009 409 3107 ἐγὼ
437 3020 545 3088 σῖτον
574 3012 646 3086 καὶ
676 3004 781 3108 ὕδωρ
812 3011 884 3084 καὶ
904 2997 1013 3082 οἶνον
1043 3003 1225 3107 ἐρυθρόν.
1274 3005 1339 3078 Li·

336 3133 545 3220 bentis'rimo
588 3123 697 3214 etiam
735 3142 863 3242 legeris
898 3137 1014 3242 ἀνδρὶ
1052 3139 1172 3241 porr,
1219 3136 1365 3242 ἇνδρὶ’

335 3277 485 3380 ἀπείρῳ.
537 3273 623 3351 Non
645 3299 704 3348 me
725 3274 863 3374 fugerat
886 3274 953 3352 iste
977 3275 1086 3350 locus¹
1104 3273 1259 3366 Homeri
1281 3318 1339 3334 --

334 3413 442 3490 Illam
459 3433 579 3490 tamen
594 3407 856 3486 correctionem
877 3408 1006 3486 merito
1024 3407 1227 3512 contempsi
1247 3435 1336 3512 prae

275 3609 278 3614 .
337 3572 418 3622 mea
442 3545 571 3660 altera:
608 3542 742 3652 mirtrm
776 3543 874 3618 enirn
913 3565 1089 3644 quantum
1128 3541 1338 3644 discrepant

333 3680 455 3785 Ρρᾶνὶ
476 3678 615 3783 ἀπείρῳ
643 3699 681 3754 et
704 3675 863 3779 ἇϊδρίων
886 3676 1128 3782 &rotpertum
1178 3678 1249 3758 Illa
1267 3679 1336 3760 rai-‚-

203 3881 208 3892 .
334 3817 392 3892 hil
424 3813 645 3915 concinnius·
670 3838 791 3912 neque
819 3812 1062 3915 propinquius
1092 3811 1167 3891 dici
1201 3836 1335 3916 potest.

336 3951 493 4030 ‹iroroco
525 3945 573 4022 ad
601 3946 757 4022 aliorum
787 3946 936 4044 judicia,
989 3949 1134 4044 Paucis,
1160 3949 1231 4046 ais,
1254 3951 1338 4053 pla..

334 4084 466 4162 cebunt
498 4081 627 4176 βέβαι
658 4103 693 4155 et
719 4078 845 4178 νὲλνη.
899 4080 979 4186 Ego
1010 4108 1096 4160 vero
1125 4085 1250 4185 paucis
1279 4085 1342 4190 lc«
