2950 4998
342 409 488 527 ¹¹⁰:
583 431 637 464 ··

416 603 464 678 Et
502 591 595 676 maie
628 617 689 675 tar
726 613 834 674 natos
869 599 1000 676 incudi·
1031 601 1183 678 reddere
1220 631 1346 682 versus

256 729 325 800 ¹52
342 765 451 841 quem
474 738 564 812 olim
588 735 763 838 proposui
784 734 824 806 in
843 731 950 810 Notis
972 711 1079 812 editis
1092 713 1152 812 'ad
1172 739 1345 816 Callima·
1384 723 1389 730 ’

333 871 461 950 chum.
511 871 662 946 Judicio
685 869 782 945 enim
804 881 868 944 tuo
893 892 930 945 et
950 899 1148 973 paucorum
1171 876 1345 976 aliorum,

340 1008 405 1109 qui
428 1036 449 1082 a
466 1029 502 1082 te
528 1003 689 1082 secundi*
701 1026 805 1104 sunt,
825 1007 947 1080 omnia
966 1007 1108 1104 tribuo;
1138 975 1207 1084 sed
1224 1013 1345 1086 omni·

338 1145 408 1218 bus
437 1143 528 1216 haec
554 1141 747 1242 probatum
780 1141 827 1214 iri
846 1169 922 1216 nec
944 1169 1050 1243 spero
1079 1144 1252 1244 equidem
1280 1175 1345 1222 ne·

341 1303 412 1378 que
444 1297 542 1377 opto.
595 1276 696 1365 Quin
723 1295 761 1349 et
784 1274 888 1377 siqua
909 1276 948 1352 in
972 1279 1115 1352 scriniis
1137 1279 1251 1356 habes
1284 1293 1344 1380 [ut

340 1427 426 1486 sane
444 1439 520 1486 uon
532 1431 636 1511 potes
650 1437 725 1486 non
739 1409 873 1487 babere
894 1412 1066 1512 plurima)
1089 1415 1344 1514 vel'exlvestu·

341 1548 404 1622 stis
429 1545 618 1623 codicibus
640 1547 700 1624 vel
717 1573 760 1620 ex
782 1545 966 1622 foecundo
980 1547 1123 1649 Ingenii
1136 1551 1238 1626 fonte
1250 1551 1344 1628 bau·

340 1705 415 1780 sta,
456 1683 591 1784 quibus
627 1680 850 1758 emendatior
885 1681 976 1758 haec
1011 1681 1164 1784 prodeat
1203 1685 1341 1785 editio;

341 1843 434 1919 quae
457 1839 519 1892 tua
537 1814 741 1905 humanitas
766 1839 838 1915 est,
858 1844 934 1893 uon
954 1817 1133 1894 invidebis
1158 1846 1201 1896 ea
1219 1817 1341 1920 nobis,

339 1954 546 2056 gratissimis
560 1953 728 2029 beneficii
746 1952 802 2026 tui
816 1953 1053 2054 praeconibus
1065 1955 1207 2042 fiaturis.
1246 1958 1341 2032 Gra·

244 2152 246 2160 ,
330 2093 408 2166 tias
441 2117 548 2186 vcro,
589 2111 633 2163 ut
663 2115 740 2190 par*
758 2109 832 2184 est,
864 2067 984 2163 babeo
1013 2091 1200 2164 maximas:
1220 2089 1340 2195 ..quod

338 2224 637 2300 humanissimum
668 2224 936 2320 Burmannnm,
975 2226 1041 2324 qui
1080 2194 1146 2300 bas
1174 2224 1337 2322 deferet,

339 2358 631 2436 commendatum
652 2358 744 2433 mibi
766 2359 922 2437 voluisti.
974 2359 1012 2434 Is
1035 2383 1071 2435 et
1093 2357 1338 2446 Londinime

226 2549 229 2558 ·
255 2587 260 2604 Ι
336 2517 376 2571 et
399 2495 647 2595 cantabrigiae
669 2493 731 2568 bic
752 2474 894 2591 invisit3
924 2492 1138 2598 adjutusque
1162 2515 1216 2572 est
1236 2494 1340 2570 omni

336 2658 406 2733 ope
431 2633 575 2742 nostra,¹
600 2653 637 2705 et
660 2657 723 2704 sua
738 2657 856 2724 causa,
883 2649 919 2702 et
937 2605 1130 2733 praecipue
1161 2652 1243 2726 tua,
1266 2629 1337 2706 Vir

334 2791 476 2866 magne,
497 2773 601 2865 cujus
616 2765 790 2840 amicitiae
805 2763 900 2838 nihil
913 2792 1060 2866 possum
1071 2792 1210 2866 negare.
1259 2764 1338 2840 Ha·

338 2903 402 2977 bes
424 2905 531 2977 etiam
552 2929 623 2977 una
655 2929 748 2980 cum,
764 2897 822 2972 his
851 2896 964 2972 literis
990 2899 1247 3003 Inscriptiones
1262 2901 1338 2986 'ali-

338 3059 430 3137 quot
460 3058 496 3110 et
528 3037 657 3125 leones
685 3037 859 3111 Veterum
886 3033 1091 3133 Lepidum,
1122 3062 1169 3111 ex
1195 3033 1336 3138 oppido

337 3169 585 3245 Landcbastcr
619 3197 733 3272 prope
771 3169 1012 3266 Dunelmum,
1051 3171 1117 3246 ubi
1155 3169 1337 3264 Romanos

339 3305 429 3381 olim
452 3305 602 3400 Stativa,
629 3304 872 3399 Praetorium,
898 3303 1090 3379 Basilicam
1122 3327 1159 3382 et
1182 3305 1336 3380 Balneas

238 3513 241 3520 .
338 3439 504 3515 babuisse
518 3441 615 3542 ipsae
637 3439 755 3514 adhuc
775 3442 901 3516 ruinae
917 3440 1122 3515 ostendunt.
1175 3441 1245 3530 Eas
1266 3440 1340 3516 tibi

216 3619 218 3626 ·
337 3576 585 3650 subministrat
612 3575 677 3649 Vir
699 3577 862 3652 eruditus
885 3598 921 3650 et
939 3576 1135 3672 humanus,
1159 3577 1337 3678 quissnunc

340 3711 586 3810 cantabrigiae
620 3732 691 3807 est,
725 3712 932 3811 nuditasque
964 3713 1090 3788 tertius
1120 3737 1179 3790 me
1204 3712 1334 3806 oravit,

338 3869 380 3922 ut
401 3845 450 3920 ad
468 3868 502 3920 te
526 3846 717 3922 mittendas
739 3871 912 3922 curarem.
964 3848 1104 3922 Salutat
1124 3871 1159 3922 te
1183 3825 1337 3922 ειἸΝθῠ-

297 3969 299 3976 ’
337 4008 444 4055 corus
459 4003 601 4075 noster,
628 3982 692 4081 qui
716 3983 755 4056 in
772 3982 885 4058 Suida
909 4010 1005 4056 nunc
1027 4005 1123 4056 totus
1146 4005 1212 4072 est,
1233 4007 1338 4081 prae·-

258 4151 262 4157 ·
287 4127 290 4136 “
339 4118 477 4191 clarum
495 4116 676 4192 mehercle
694 4139 739 4192 et
755 4117 889 4220 ingenii
909 4139 943 4191 et
966 4116 1160 4192 industriae
1186 4117 1337 4217 suispe·
