2906 5010
1013 423 1088 512 asa

90 623 195 728 quod
216 622 283 696 sub
308 621 445 696 calamo
467 617 578 694 modo
604 616 768 690 nascitur.
822 618 953 694 Deleas
981 623 1090 698 velim

90 758 190 835 illud
214 783 306 859 σφε,
344 777 489 832 etcum
514 753 663 853 walgatis
692 753 787 852 legas
813 747 925 832 οὗτοι
949 754 991 834 δὲ
1012 727 1089 857 pic·

89 893 265 998 καριοῦὀ
301 890 379 993 ἐμὲ.
452 889 637 965 Sententia
668 909 787 961 autem
818 888 906 964 haec
935 889 1088 968 videtur.

90 1034 188 1107 Cum
221 1027 402 1105 laudasset
436 1027 500 1101 ille
532 1024 654 1100 nescio
682 1024 768 1124 'quis
808 1026 967 1101 fortunas
999 1019 1089 1126 suas,

90 1189 170 1242 tum
190 1167 239 1241 ob
260 1165 348 1258 alia,
381 1184 458 1238 tum
482 1161 529 1236 ob
554 1164 713 1254 firmam,
748 1158 878 1256 credo,
916 1157 1089 1240 valetudi-

90 1330 176 1378 nem
185 1355 200 1391 ,
237 1301 302 1376 etsi
328 1319 472 1374 strenue
497 1315 749 1396 nepotaretur3
785 1297 895 1370 Hunc
917 1298 1007 1372 alter
1030 1327 1090 1374 ex·
1136 1322 1140 1329 ’

90 1437 274 1539 οἰΡὶεηε,,.
301 1435 364 1510 Ita·
379 1461 480 1528 vero,
511 1432 560 1505 ait
580 1433 800 1532 εἰρωνικῶς,
826 1452 905 1506 tum
930 1435 1089 1511 fortunas

28 1641 29 1646 ,
89 1592 169 1645 tuas
193 1557 379 1664 laudabis,
402 1596 490 1642 cum
512 1567 655 1667 cognati
674 1553 727 1639 tui
746 1588 782 1642 te
801 1594 885 1642 mox
906 1573 1089 1670 sepelient.

90 1704 200 1801 Non,
234 1732 328 1800 non,
359 1702 542 1803 subjungit
563 1699 645 1805 ilie,
672 1700 853 1804 Equidem
878 1728 940 1802 eos
964 1731 1089 1783 omnes
1172 1721 1173 1725 ’

91 1865 332 1942 componam,
368 1859 405 1915 et
434 1839 673 1940 μακαριοῦσι
709 1864 762 1937 με
793 1839 1022 1937 superstitem
1053 1863 1091 1915 et

90 1943 228 2052 sanum.
289 1973 384 2050 Sect.
414 1982 497 2050 151.
538 1973 661 2048 locum
703 1997 747 2048 cx
793 1970 994 2074 Tagenistis
1035 1977 1089 2052 sic

89 2111 251 2208 colloca3

193 2321 306 2339 ·-·—-
324 2277 349 2354 ’ὁ
370 2275 419 2354 ’δὲ
442 2275 544 2356 λύων
565 2277 703 2356 κύστιν
725 2274 838 2354 iarun

195 2403 290 2490 Κᾶῗ
317 2414 478 2515 ἐξαιρῶν
504 2412 595 2524 τούς
618 2411 832 2516 δαρεικούς.·
853 2449 965 2476 --

91 2587 188 2660 Sunt
209 2585 371 2660 membra
404 2611 525 2659 versus
559 2584 802 2684 Anapaestici‚
834 2583 1090 2684 Aristophanci

92 2720 194 2796 dicti.
252 2720 347 2794 Cum
379 2719 523 2794 Kuhnii
556 2720 772 2796 versiculum
799 2718 861 2794 hic
893 2720 993 2820 lego,
1033 2720 1091 2797 vix'

90 2884 241 2959 possum
264 2882 431 2930 nauseam
454 2829 692 2955 com'pesccre.
745 2853 876 2952 Neque
897 2880 941 2928 eo
962 2855 1091 2930 melior

36 3091 38 3098 Ι
92 3014 145 3067 est
181 2990 441 3090 Jungermanni
472 2990 610 3089 jambus
643 3009 727 3065 sect.
757 2994 838 3063 154.
875 2989 914 3062 in
939 2987 1176 3092 Lysippi512

90 3125 259 3200 Bacchis.
310 3126 371 3200 Tu
385 3154 469 3204 vero
488 3113 610 3199 locuin
630 3124 683 3198 sic
703 3117 892 3220 constitue,
917 3149 1091 3230 utmcm-

91 3263 202 3336 hrum
226 3261 272 3336 sit
298 3261 525 3362 Anapaestici
551 3261 818 3362 Aristophanei‚

88 3483 109 3528 0
142 3475 197 3494 --
211 3474 264 3494 --
292 3429 428 3527 αὐτοῖς
458 3429 594 3523 αὐλοῖς
625 3427 731 3531 ὁρμᾷ
767 3433 838 3504 καὶ
867 3432 1092 3528 γλωττοκου

671 3565 775 3668 μείῳ.

94 3719 263 3829 Tibicen,
287 3733 425 3834 inquit,
448 3735 556 3806 irruit
576 3760 652 3806 una
668 3753 750 3808 cum
765 3723 867 3806 tibiis
876 3747 911 3804 et
918 3734 1093 3829 glottoco·

93 3877 179 3948 mio.
229 3869 375 3958 Αὐτοῖς
397 3894 440 3942 ao
468 3895 572 3941 sensu
595 3851 725 3968 passim
751 3865 850 3967 apud
871 3867 1011 3942 Atticos
1031 3893 1093 3941 oc·

92 4007 230 4100 currit,
256 4032 325 4106 pro
347 4003 419 4080 σὺν
445 4003 601 4108 αὐτοῖςρ
636 4003 735 4101 quod
762 4025 802 4076 tn
827 3992 963 4103 optime
988 4004 1092 4082 nosti.

94 4141 195 4216 Ibid.
219 4140 331 4214 Metti
353 4139 443 4212 ratio
469 4139 552 4210 satis
575 4139 730 4233 indicat,
759 4139 893 4214 tamin
916 4136 1092 4212 Timoclis
