2918 5008
252 567 351 636 Versu
373 571 424 633 35.
448 573 494 634 ita
513 573 663 655 seriptum
685 575 841 640 ridemus:¹

258 719 260 722 .
295 673 384 754 qnod
403 678 441 734 εἰ
449 680 596 756 persenis
615 675 713 736 isdem
735 683 786 740 uti
803 680 878 741 aliis
899 680 1067 776 nonlicet,

295 779 351 858 qui
373 781 474 859 magis
494 779 568 838 licet
589 785 746 840 currentis
766 801 871 843 cervos
890 784 1029 864 scribere,

294 879 390 939 bonas
414 894 572 944 matronae
583 884 697 966 facere
703 927 714 958 ,
735 891 909 947 meretrices
928 891 1040 963 mulas,

289 986 634 1062 parasitumedacem,
660 988 829 1068 gloriosum
849 991 989 1069 militem,

290 1106 425 1180 puerum
445 1094 594 1168 supponi,
610 1090 694 1172 falli
707 1113 767 1171 par
785 1115 905 1154 servom
924 1103 1040 1166 senem,'
1127 1174 1131 1182 Ι

292 1209 401 1248 amare
412 1231 423 1262 ,
443 1189 562 1260 odisse,
588 1197 771 1273 auspicari?

162 1290 200 1350 In
229 1290 348 1371 optimo
375 1293 454 1354 libro
481 1293 632 1363 Bembino
658 1297 754 1376 primi
780 1299 841 1360 duo
867 1320 974 1363 versus
995 1301 1041 1362 ita
1061 1297 1170 1382 scripti

55 1385 58 1393 ¹
163 1401 252 1454 sunt:

291 1497 374 1580 qnod
391 1503 421 1560 ei
438 1504 581 1581 personis
600 1500 711 1560 iisdem
732 1501 810 1564 huic
830 1507 880 1564 uti
900 1526 963 1565 non
984 1503 1069 1576 licet,
1147 1569 1152 1594 Ι

290 1607 347 1682 qui
367 1607 468 1684 magis
487 1604 560 1663 licet
581 1617 756 1664 currentem
776 1627 900 1667 servum
918 1605 1061 1666 scribere.

1194 903 1354 963 ao,

160 1702 314 1783 Faernus,
342 1707 424 1786 quod
445 1709 480 1766 in
501 1710 672 1788 posteriore
693 1729 787 1769 versu
810 1719 870 1787 est,
907 1721 1078 1768 currentem
1097 1715 1188 1772 aer-¹,
1225 1703 1227 1711 ⁴

158 1829 255 1880 vum,
294 1815 474 1887 argumento
501 1810 593 1870 valde
615 1810 740 1872 infirmo
764 1812 977 1898 amplectitur:
1015 1823 1050 1872 ut
1069 1811 1165 1871 facile
1211 1824 1216 1830 “

158 1912 363 1971 assentiamur
389 1910 550 1989 Bentleio,
586 1905 739 1993 pluralem
769 1934 809 1974 ex
838 1916 968 1975 caeteris
996 1915 1106 1989 libris,
1128 1920 1166 1972 ut
1248 1971 1251 1975 .

159 2014 412 2086 concinniorem,
433 2017 585 2091 servanti,
616 2016 691 2075 licet
711 2019 840 2078 nonita
860 2037 930 2078 eum
952 2026 1112 2092 tueamur,
1131 2023 1168 2075 ut

157 2125 225 2176 non
256 2117 348 2176 etiam
378 2117 566 2194 singularem
594 2119 651 2178 illa
680 2119 707 2178 si
738 2139 803 2178 non
832 2129 919 2200 grata
950 2128 982 2178 at
1010 2127 1094 2178 certe
1123 2136 1166 2176 ne

157 2219 281 2298 ingrata
303 2217 429 2298 quidem
451 2219 579 2280 licentia
600 2220 726 2282 defendi
746 2242 836 2302 posse
857 2223 1076 2282 existimemus.
1128 2217 1169 2279 Iu'
1259 2253 1262 2264 =

153 2322 262 2404 priore
284 2331 388 2380 autem
408 2341 500 2380 versu
522 2319 675 2400 Faernus,
712 2333 783 2382 utra
807 2326 921 2384 melior
947 2325 1049 2384 lectio'
1075 2332 1168 2404 essetg

152 2445 222 2484 *non
244 2425 378 2484 audebat
399 2431 543 2483 statuere.
585 2422 746 2484 Bentleius
766 2443 859 2502 vero,
879 2427 1022 2504 ,‚atqui,“
1050 2426 1167 2505 inquit!

156 2527 271 2604 „facile
291 2535 372 2601 erat,
410 2535 480 2585 utra
501 2526 613 2586 melior
636 2538 733 2608 esset,
770 2537 912 2587 statuere.
955 2525 1052 2588 Recte
1074 2529 1167 2603 aliia?
1202 2529 1204 2534 '

154 2632 249 2710 „quia
267 2629 359 2688 multi
379 2637 446 2687 tum
466 2649 530 2687 una
550 2627 704 2714 flcrebant
723 2639 849 2708 poetae:
876 2649 942 2688 non
961 2629 1052 2705 huic,
1074 2629 1164 2708 quasi

155 2733 229 2811 „hic
252 2732 335 2791 solus
357 2742 424 2790 tum
447 2732 625 2791 scriberet“
668 2730 728 2791 Hic
747 2733 849 2812 primo
869 2733 973 2812 ipsum
994 2751 1165 2817 argumcns

154 2847 223 2895 tum
245 2834 474 2914 vituperamus,
514 2834 586 2914 quia
608 2834 711 2895 debile
731 2844 795 2912 est3
825 2833 955 2908 deinde,
984 2833 1067 2912 quod
1087 2853 1161 2900 usus

155 2948 202 2998 est
222 2959 258 2998 eo
279 2944 477 3017 argumento,
512 2957 606 3016 quum
627 2937 714 2997 aliud
736 2937 858 2998 adesset
878 2936 996 2996 melius.
1038 2937 1083 2996 Ac
1102 2935 1160 2996 de·-

154 3041 220 3102 bile
242 3048 305 3116 cst,
352 3040 424 3119 quia
446 3039 500 3118 qui
521 3040 559 3099 ds
579 3061 642 3099 uno
663 3041 819 3120 loquitur,
853 3039 908 3098 ubi
928 3059 992 3098 non
1014 3059 1091 3118 opus
1114 3047 1161 3098 est
1257 3053 1258 3058 ’

154 3144 196 3204 de
212 3144 281 3204 aliis
294 3143 376 3216 dici,
399 3162 464 3200 non
485 3142 626 3202 excludit
647 3165 707 3202 eos.
750 3137 844 3222 Atqui
859 3141 1028 3204 Terentius
1047 3160 1159 3221 repre-

152 3245 268 3306 hensus
288 3247 407 3320 fuerat,
429 3265 494 3303 non
515 3245 603 3304 alius.
644 3243 879 3326 Itaque‘quidni
897 3247 1081 3324 interroget,
1101 3241 1159 3304 bur

152 3350 215 3409 sibi
243 3347 276 3408 id
305 3368 371 3406 non
399 3347 512 3406 Eceat?
565 3347 627 3408 Sed
648 3349 778 3409 meliore
797 3349 954 3410 Bentlsius
975 3355 1156 3426 argumento

152 3453 202 3509 uti
237 3460 369 3530 poterat.
420 3450 501 3511 Nam
537 3461 688 3532 repugnat
722 3453 949 3532 quodammodo
988 3453 1050 3513 hcc
1082 3475 1158 3534 prc-

151 3572 269 3612 nomen
299 3552 375 3610 lanio
403 3553 617 3632 sequentibus,
653 3575 733 3633 quae
765 3575 860 3634 quum
887 3564 993 3634 aperte
1023 3575 1089 3614 non
1116 3557 1157 3616 ds

151 3675 216 3715 nno
239 3655 316 3731 sint,
343 3655 397 3714 sed
418 3657 456 3716 de
479 3655 622 3716 omnibus
641 3657 859 3735 intelligenda,
886 3655 1074 3737 pronomine
1095 3658 1155 3734 isto

119 3749 125 3756 ’
150 3759 268 3837 posito,
313 3757 351 3816 ad
371 3757 456 3816 hunc
477 3778 576 3818 unum
597 3757 762 3819 referenda
782 3760 988 3820 videbuntur:
1031 3780 1073 3821 ex
1095 3780 1156 3841 quc

149 3859 228 3919 haec
248 3871 393 3920 nascetur
412 3863 585 3922 sententia:
625 3863 652 3922 si
673 3861 747 3922 huic
767 3881 833 3920 non
853 3862 928 3922 licet
949 3863 1062 3923 iisdem
1080 3884 1156 3944 per-

150 3963 238 4022 sonis
260 3964 322 4041 uti,
350 3965 404 4045 qui
424 3963 521 4044 magis
546 3964 576 4024 ei
595 3965 670 4024 licet
689 3973 848 4026 currentes
870 3987 975 4027 servos
996 3965 1155 4026 scribere?

151 4065 243 4138 Quod
263 4067 406 4146 ineptum
426 4086 491 4126 esse
509 4076 652 4148 apparet,
670 4068 760 4147 quia,
781 4068 857 4148 quid
875 4068 936 4128 sibi
954 4068 1064 4144 liceat,
1087 4088 1154 4132 nnn

150 4158 211 4231 suo¹
235 4168 344 4248 debet,
381 4169 446 4232 ssd
477 4169 609 4232 aliorum
637 4170 777 4234 omnium
804 4172 949 4254 exemplo
979 4171 1155 4236 ostendere.¹
