2986 4980
319 429 371 508 ,4
453 459 455 469 .

318 645 428 724 quam
465 621 625 718 primum
660 622 842 719 possimus
876 611 1021 694 videre!
1067 615 1319 692 Perveneram

317 753 417 830 enim
436 752 580 846 librarii
605 753 683 828 fere
709 753 757 828 ad
786 752 925 827 calcem
951 767 1124 824 notarum
1153 749 1320 850 Spanhe·

315 889 394 970 mii.
443 885 539 964 Tum
567 915 717 964 manum
741 883 996 962 admovebant
1022 883 1246 985 fragmentis,
1279 905 1318 960 et

191 1093 193 1100 .
315 1023 647 1128 epigrammatibus.
706 1021 748 1102 si
779 1021 947 1097 nondum
980 1019 1103 1094 omnia
1135 1018 1317 1120 descripta

314 1156 562 1254 hcbes‚·³fat‚
601 1183 759 1258 mucro,
797 1176 840 1230 ut
865 1158 1040 1234 certiores
1071 1185 1141 1234 nos
1169 1155 1316 1251 reddas,

253 1297 256 1302 ’
315 1293 463 1396 quaudo
493 1292 635 1389 possint
665 1291 715 1366 ad
743 1317 810 1366 nos
844 1291 993 1370 deferri.
1051 1293 1181 1373 Nolim
1215 1290 1316 1370 enim

214 1423 238 1447 '¹
313 1427 594 1529 Bempnblieam
622 1427 852 1506 Litterariam
881 1428 957 1506 hoc
984 1431 1160 1507 thesemo
1188 1449 1315 1502 carere

314 1534 464 1650 dlulius.
512 1561 683 1640 Ludems
702 1540 816 1638 credo
846 1589 934 1638 curn
964 1565 1159 1658 rostratis,
1181 1560 1315 1663 quibus

312 1697 393 1778 Rex
416 1697 577 1799 trajiciet
594 1698 635 1772 in
659 1697 862 1800 Belgicam,
888 1697 937 1774 ad
961 1725 1029 1774 nos
1055 1716 1229 1782 recurret.
1277 1697 1316 1772 Is

313 1854 438 1932 posset
468 1832 648 1936 quicquid
680 1833 726 1906 ad
751 1859 818 1908 nos
845 1835 967 1910 curari
995 1835 1154 1911 volueris
1182 1827 1317 1932 atlpor·
1422 1889 1426 1900 .

311 1989 400 2044 tare.
441 1968 698 2068 [spanhemius
729 1965 925 2044 ἀνέκδοτα
951 1969 1207 2070 epigrammata
1236 1991 1314 2040 non

311 2103 518 2202 occuparit.
570 2101 728 2200 Collegit
747 2119 887 2174 tantum
903 2103 1082 2202 quaedam
1096 2105 1314 2204 Fragmenta

310 2261 355 2313 ex
380 2235 541 2335 antiquis
570 2235 696 2312 lexicis
720 2255 757 2310 et
785 2234 999 2320 rebellastis.
1038 2238 1313 2338 inscriptiones

309 2370 498 2474 Gudianus
521 2392 603 2446 ante
632 2370 703 2446 hos
727 2391 885 2471 quatuor
910 2398 1052 2449 menses
1085 2373 1313 2474 repetierunt

308 2507 474 2606 Gudiani¹
506 2505 702 2602 haeredes,
740 2506 816 2582 fide
856 2529 977 2586 tamen
1007 2507 1113 2610 data,
1161 2507 1312 2584 scillas

307 2641 357 2720 ad
381 2668 451 2717 nos
472 2641 707 2736 remissurus,
740 2643 807 2716 ubi
829 2643 1099 2742 invenerimus,
1140 2644 1206 2746 qui
1227 2643 1312 2722 illas

306 2778 511 2883 typiscvelit
533 2777 716 2854 mandare.
768 2779 886 2882 Spero
901 2805 979 2856 ,nos
1006 2778 1112 2854 brevi
1134 2777 1227 2852 haec
1247 2803 1312 2851 vo·

305 2913 447 2996 lumina
471 2933 772 3010 recuperaturos,
811 2935 848 2988 ct
875 2913 941 2988 his·
968 2911 1121 3013 quidem
1144 2896 1311 3010 legibus,

194 3081 203 3100 =
305 3069 444 3126 utnon
467 3046 610 3146 pretio,
646 3047 712 3124 sed
735 3050 910 3150 exemplis
929 3035 1043 3126 ‘editis
1078 3047 1151 3124 sibi
1170 3047 1312 3148 patian-

305 3204 364 3264 tur
386 3180 572 3272 satisficri3
619 3180 665 3258 de
697 3183 830 3282 quihus
858 3163 965 3258 ltrevi
993 3181 1161 3284 pluribus
1183 3203 1310 3258 tecum

248 3373 250 3378 .
305 3345 425 3416 agam..
467 3313 526 3390 Ne
551 3315 591 3388 iu
618 3337 804 3414 posterum
826 3343 895 3394 uos
917 3319 1059 3415 fallant,
1084 3317 1220 3420 quibus
1241 3343 1310 3394 no·

304 3472 393 3534 stras
431 3438 616 3540 credimus
636 3452 840 3550 epistolas,
855 3501 866 3538 -,
887 3473 1034 3534 utemur
1064 3451 1222 3554 publicis
1255 3472 1309 3528 ta·

242 3584 291 3656 50
303 3587 484 3668 bellariis..
525 3585 629 3662 Tuae
654 3586 754 3662 enim
784 3587 927 3663 litterae
948 3589 1043 3664 milri
1066 3615 1158 3664 auro
1177 3567 1308 3663 contra

305 3745 409 3800 carae
442 3725 554 3798 suut'
579 3767 581 3776 ,
603 3720 692 3830 Noli
725 3720 916 3818 dubitare,
949 3725 1039 3826 quin
1066 3718 1310 3800 illustrissimi

302 3858 480 3960 Episcopi
509 3856 776 3960 Lichfeldensis
817 3879 901 3933 vcta
928 3886 970 3936 ac
1003 3857 1230 3964 desideriam
1255 3855 1313 3963 de

303 3970 605 4092 inscriptionibus
637 3991 819 4068 Gudianis
849 3995 963 4070 simtta
998 3989 1196 4092 expleturi,
1240 3996 1304 4068 cui
1356 4058 1358 4062 .

303 4129 415 4208 selim
430 4155 521 4205 ‹mca
548 4126 690 4204 deferas
718 4128 849 4204 officia.
897 4129 1013 4224 Vale,
1037 4127 1105 4204 Vir
1129 4129 1306 4206 excellen-
