2918 5008
329 374 374 444 a
430 337 434 346 .

330 571 455 620 vertum
475 555 569 618 istum
590 574 650 618 neo
673 572 742 618 cum
761 555 932 637 prioribus,⁴
959 575 1019 618 nec
1038 575 1109 618 cum
1131 558 1327 638 sequentibus

331 657 496 720 cohaerere
518 660 562 720 ait
580 657 755 735 Bentleius,
777 661 943 739 imperiosa·
961 659 1023 720 hoc
1043 660 1160 720 dictum
1184 670 1249 722 est:
1270 665 1340 721 mi-'

330 759 414 820 nime
441 781 524 822 vere.
581 760 662 850 Nam
692 763 759 842 quia
790 761 908 837 nescit,
946 761 1007 822 hoc
1032 763 1221 824 vocabulum
1248 763 1331 822 ἰάσω
1375 753 1377 756 ’

329 869 441 922 natura
461 883 516 922 sua
536 863 708 924 nectendae
728 865 864 924 orationi
882 864 1052 941 inservire,
1069 866 1123 924 ubi
1146 844 1272 946 quideni
1292 867 1330 926 de

330 963 440 1026 eodem
464 965 588 1026 diversa
607 965 849 1048 praedicantur?
892 965 1054 1028 Horatius:
1087 970 1241 1050 infernus
1263 967 1358 1044 Ιιιὶν-Ι

331 1085 395 1126 mes
416 1067 537 1128 reducit
554 1067 715 1150 Iuppiter:
734 1067 818 1128 idem
835 1067 998 1130 submovet.
1040 1069 1081 1130 Et
1100 1073 1144 1130 sic
1165 1071 1329 1132 Terentius

329 1168 383 1230 hic
415 1172 573 1251 aptissime
599 1171 660 1232 hoe
686 1173 838 1233 vocabulo
865 1193 937 1232 usus
966 1183 1013 1232 est
1040 1172 1080 1232 ad
1108 1175 1328 1262 connectenda,

331 1291 409 1350 quae
432 1273 470 1334 de
491 1282 584 1354 poeta
604 1274 665 1332 isto
686 1275 788 1334 refert
831 1273 917 1336 Bene
938 1275 1102 1350 vertendo,
1136 1277 1257 1356 iuquit,
1290 1298 1327 1336 ex

331 1372 457 1436 Graecis
478 1377 567 1436 bonis
587 1375 710 1436 Latinas
729 1376 849 1436 fabulas
869 1375 944 1438 feeit
963 1397 1030 1436 non
1050 1378 1163 1453 bonas,
1196 1380 1218 1438 i.
1245 1400 1272 1438 e.
1297 1389 1328 1438 ut

330 1485 416 1536 recte
436 1476 616 1555 Bentleiua,
643 1479 784 1538 oratione
806 1499 916 1559 parum
937 1479 1046 1539 Latiita
1066 1482 1210 1560 scriptas:
1248 1481 1329 1542 idem

316 1577 495 1640 ¹Menandri
514 1579 646 1642 Phasma
666 1601 750 1640 nuno
769 1598 870 1670 nuper¹
888 1581 991 1652 dedit,
1012 1593 1102 1660 atque
1119 1583 1154 1642 iu
1172 1583 1329 1642 Thesauro

330 1682 435 1761 posuit
454 1683 603 1763 quaedem
626 1683 717 1742 valde
739 1684 879 1744 absurda.
927 1683 964 1742 In
984 1684 1143 1744 Phasmate
1163 1686 1239 1765 quid
1258 1708 1329 1765 pec-

332 1785 451 1844 caverit
478 1786 554 1863 iste,
585 1785 748 1846 nescimus.
797 1785 889 1846 Aliud
911 1795 1012 1862 certe,
1045 1808 1137 1867 quam
1158 1789 1330 1850 orationem

331 1907 398 1946 non
426 1889 499 1949 satis
525 1888 667 1952 Latinam
696 1888 813 1964 notari,
851 1897 979 1968 apparet
1007 1909 1048 1948 ex
1075 1891 1142 1972 ipsa
1167 1891 1227 1950 illa
1256 1912 1330 1953 voce

331 1987 422 2048 idem.
464 1989 615 2071 Loquitur
634 2002 736 2054 autem
757 2001 792 2050 ut
809 1991 848 2051 de
866 2011 901 2050 re
921 2001 996 2051 uota
1015 2012 1091 2062 cum,
1105 1992 1238 2070 quadam
1258 2015 1331 2054 con-

332 2101 467 2174 temptus
494 2095 734 2174 significatione,
768 2101 804 2172 ut
822 2093 924 2172 colligi
943 2096 1057 2173 possit,
1090 2092 1171 2156 hane
1197 2095 1340 2156 fabulam

273 2187 311 2250 16
336 2205 476 2256 autnon
497 2197 632 2271 stetisse,
659 2183 717 2256 aut
734 2193 928 2276 certevalde
951 2196 1149 2276 displicuisse.
1192 2195 1229 2254 Iu
1251 2198 1331 2258 The·

332 2319 423 2358 sauro
445 2306 547 2358 autem
568 2307 710 2378 apertum
732 2305 779 2356 est
799 2298 1071 2374 honorationem,
1103 2299 1158 2358 sed
1177 2299 1333 2361 inventio-

334 2423 407 2462 nem
429 2399 627 2481 reprehendi.
670 2399 776 2478 ltaque
797 2385 919 2458 tantuin
938 2401 1037 2475 abest,
1066 2411 1101 2460 ut
1122 2401 1332 2463 damnandum

334 2505 376 2566 sit
401 2504 505 2574 idem,
538 2513 578 2562 ut
604 2502 746 2562 videatur
767 2503 868 2582 potius
890 2504 982 2562 unice
1004 2523 1111 2563 verum
1132 2503 1332 2582 judicandum

336 2629 410 2668 esse.
455 2606 538 2678 Quin
562 2605 697 2664 dubitari
718 2605 811 2664 etium
832 2605 912 2664 illud
933 2615 1048 2684 potest,
1078 2627 1118 2664 an
1138 2606 1199 2666 ista
1220 2606 1332 2668 Donati

335 2710 511 2784 adnotatio,
553 2729 613 2788 qua
643 2709 682 2768 ad
712 2707 958 2766 emendationem
987 2707 1162 2767 faciendam
1189 2729 1262 2768 usus
1289 2721 1334 2770 est

335 2813 511 2887 Bentleius,
558 2813 652 2872 etiam
685 2809 847 2870 confirmet
875 2811 1026 2870 librorum
1054 2811 1257 2889 scripturam:
1308 2816 1334 2874 si

335 2916 462 2998 quidem
484 2935 549 2974 non
569 2916 676 2994 inepte
699 2913 862 2993 conjicias,
887 2911 1043 2993 Donatum
1066 2915 1111 2972 sie
1130 2917 1235 2994 potius
1257 2918 1335 2975 seri-

335 3019 448 3099 psisse:
479 3015 581 3090 Mem,
610 3019 632 3076 ι’.
650 3037 675 3074 e.
695 3015 850 3076 similiter.
893 3013 978 3086 Quae
1000 3033 1064 3074 non
1086 3016 1249 3096 vocabuli,
1281 3019 1333 3080 sed

335 3122 507 3182 sententiae
526 3122 693 3203 explicatio
715 3123 784 3182 erit.

422 3224 520 3283 Versu
545 3243 590 3301 17·
611 3226 656 3283 ita
674 3224 847 3303 legebatur:

463 3324 560 3384 habeo
582 3327 649 3384 alta
670 3327 785 3402 multa,
808 3338 992 3404 quaenam
1011 3323 1254 3385 condonabitur:

464 3447 543 3510 quae
559 3430 762 3510 proferentur
782 3441 867 3507 poet,
891 3429 933 3487 'ea'
950 3441 1059 3508 perget
1076 3426 1208 3486 laedere.
1235 3473 1239 3478 .

335 3532 517 3612 „Egregie,“
544 3533 663 3612 inquit,
690 3533 810 3606 „codex
831 3533 863 3592 C.
887 3530 921 3591 C.
941 3553 1027 3592 nune
1047 3551 1127 3612 quae
1149 3527 1335 3590 condonabi-

289 3711 290 3718 *
335 3647 426 3712 „tufi
453 3638 499 3696 sic
522 3635 605 3694 enim
627 3645 658 3696 et
679 3653 763 3694 nuno
785 3647 925 3715 etpost,
953 3627 1031 3714 quae
1053 3642 1274 3714 opponuntur,
1303 3632 1336 3690 in

335 3740 418 3814 „ictu
437 3739 528 3796 ambo
548 3748 634 3812 sunt,
663 3747 694 3798 et
716 3758 797 3816 quoe
819 3758 884 3798 non
900 3738 1027 3797 inchoat
1049 3746 1215 3815 utrumque
1236 3735 1336 3809 colon,

334 3861 462 3921 eperum
488 3843 645 3900 venuste.“
707 3840 831 3900 Codicis
860 3841 947 3902 illius
975 3841 1158 3918 scripturam
1187 3839 1223 3926 iu
1252 3846 1338 3896 textu

332 3943 443 4024 posuit.
488 3943 528 4001 At
546 3963 582 4006 ea
599 3962 665 4002 non
685 3943 822 4022 egregia,
842 3944 896 4004 sed
915 3943 1049 4023 pessima
1068 3952 1123 4000 est.
1166 3939 1251 3998 Illud
1270 3939 1337 4016 qui-

326 4049 403 4106 ‘dem
433 4047 503 4106 leve
531 4055 577 4104 est
603 4053 635 4104 et
664 4066 728 4103 non
757 4046 883 4124 dignum
910 4056 1132 4126 argumetum,
1156 4041 1242 4120 quod
1273 4043 1337 4118 quis

324 4151 462 4226 refutet,
507 4148 589 4226 quod
617 4149 661 4206 ait
688 4168 798 4227 parum
831 4158 960 4208 venuste
990 4158 1155 4229 utrumque
1194 4146 1289 4206 colon
1323 4164 1340 4200 a
