<?xml version="1.0" encoding="UTF-8"?>
<!DOCTYPE html PUBLIC "-//W3C//DTD XHTML 1.0 Transitional//EN"
    "http://www.w3.org/TR/xhtml1/DTD/xhtml1-transitional.dtd">
<html xmlns="http://www.w3.org/1999/xhtml" xml:lang="en" lang="en">
 <head>
  <title>
</title>
<meta http-equiv="Content-Type" content="text/html;charset=utf-8" />
  <meta name='ocr-system' content='tesseract 3.04.00' />
  <meta name='ocr-capabilities' content='ocr_page ocr_carea ocr_par ocr_line ocrx_word'/>
</head>
<body>
  <div class='ocr_page' id='page_1' title='image "./richardibentlei00hermgoog_0381.png"; bbox 0 0 2918 5008; ppageno 0'>
   <div class='ocr_carea' id='block_1_1' title="bbox 1087 398 1129 466">
    <p class='ocr_par' dir='ltr' id='par_1_1' title="bbox 1087 398 1129 466">
     <span class='ocr_line' id='line_1_1' title="bbox 1087 398 1129 466; baseline 0.048 -2"><span class='ocrx_word' id='word_1_1' title='bbox 1087 398 1129 466; x_wconf 85' lang='lat'><strong>57</strong></span> 
     </span>
    </p>
   </div>
   <div class='ocr_carea' id='block_1_2' title="bbox 129 553 1216 1782">
    <p class='ocr_par' dir='ltr' id='par_1_2' title="bbox 129 553 1216 1474">
     <span class='ocr_line' id='line_1_2' title="bbox 129 553 1159 657; baseline 0 -20"><span class='ocrx_word' id='word_1_2' title='bbox 129 567 316 657; x_wconf 75' lang='grc' dir='ltr'><strong><em>πλήσεινι</em></strong></span> <span class='ocrx_word' id='word_1_3' title='bbox 331 570 436 640; x_wconf 64' lang='lat' dir='ltr'><strong>,unde</strong></span> <span class='ocrx_word' id='word_1_4' title='bbox 457 553 543 631; x_wconf 83' lang='lat' dir='ltr'><strong>illud</strong></span> <span class='ocrx_word' id='word_1_5' title='bbox 569 571 616 636; x_wconf 78' lang='grc' dir='ltr'><strong><em>τά</em></strong></span> <span class='ocrx_word' id='word_1_6' title='bbox 645 601 687 619; x_wconf 86' lang='lat'>-</span> <span class='ocrx_word' id='word_1_7' title='bbox 718 571 883 649; x_wconf 76' lang='lat' dir='ltr'><strong>remansit,</strong></span> <span class='ocrx_word' id='word_1_8' title='bbox 924 554 1018 636; x_wconf 79' lang='lat' dir='ltr'><strong>etiam</strong></span> <span class='ocrx_word' id='word_1_9' title='bbox 1043 565 1159 657; x_wconf 59' lang='grc' dir='ltr'><strong>’ροσε-ι</strong></span> 
     </span>
     <span class='ocr_line' id='line_1_3' title="bbox 130 665 1134 762; baseline 0.005 -27"><span class='ocrx_word' id='word_1_10' title='bbox 130 695 222 758; x_wconf 79' lang='lat' dir='ltr'><strong>quatu</strong></span> <span class='ocrx_word' id='word_1_11' title='bbox 249 665 436 760; x_wconf 68' lang='grc' dir='ltr'><strong><em>ἀναπλήσειν</em></strong></span> <span class='ocrx_word' id='word_1_12' title='bbox 460 672 642 754; x_wconf 89' lang='lat' dir='ltr'><strong>repositum.</strong></span> <span class='ocrx_word' id='word_1_13' title='bbox 692 671 760 734; x_wconf 87' lang='lat' dir='ltr'><strong>Hoc</strong></span> <span class='ocrx_word' id='word_1_14' title='bbox 776 694 816 733; x_wconf 83' lang='lat' dir='ltr'><strong>ex</strong></span> <span class='ocrx_word' id='word_1_15' title='bbox 836 673 1007 736; x_wconf 82' lang='lat' dir='ltr'><strong>Scholiasta</strong></span> <span class='ocrx_word' id='word_1_16' title='bbox 1029 680 1134 762; x_wconf 74' lang='lat' dir='ltr'><strong>conjia</strong></span> 
     </span>
     <span class='ocr_line' id='line_1_4' title="bbox 131 768 1130 865; baseline 0.007 -26"><span class='ocrx_word' id='word_1_17' title='bbox 131 779 196 857; x_wconf 89' lang='lat' dir='ltr'><strong>cio,</strong></span> <span class='ocrx_word' id='word_1_18' title='bbox 235 782 288 860; x_wconf 87' lang='lat' dir='ltr'><strong>qui</strong></span> <span class='ocrx_word' id='word_1_19' title='bbox 308 778 353 838; x_wconf 86' lang='lat' dir='ltr'><strong>sic</strong></span> <span class='ocrx_word' id='word_1_20' title='bbox 371 768 580 865; x_wconf 79' lang='grc' dir='ltr'><strong><em>παραφράζα,</em></strong></span> <span class='ocrx_word' id='word_1_21' title='bbox 620 774 706 863; x_wconf 78' lang='grc' dir='ltr'><strong><em>εἴπερ</em></strong></span> <span class='ocrx_word' id='word_1_22' title='bbox 731 775 847 860; x_wconf 79' lang='grc' dir='ltr'><strong><em>μέλλεις</em></strong></span> <span class='ocrx_word' id='word_1_23' title='bbox 870 780 926 861; x_wconf 79' lang='grc' dir='ltr'><strong>τῆς</strong></span> <span class='ocrx_word' id='word_1_24' title='bbox 951 775 1057 855; x_wconf 72' lang='grc' dir='ltr'><strong><em>αἰδοῦς</em></strong></span> <span class='ocrx_word' id='word_1_25' title='bbox 1084 774 1130 846; x_wconf 78' lang='lat' dir='ltr'><strong>cci</strong></span> 
     </span>
     <span class='ocr_line' id='line_1_5' title="bbox 130 873 1216 965; baseline -0.001 -19"><span class='ocrx_word' id='word_1_26' title='bbox 130 873 337 965; x_wconf 76' lang='grc' dir='ltr'><strong><em>ἀγάλματα</em></strong></span> <span class='ocrx_word' id='word_1_27' title='bbox 357 873 595 965; x_wconf 72' lang='grc' dir='ltr'><strong><em>πληρώσειν.</em></strong></span> <span class='ocrx_word' id='word_1_28' title='bbox 629 879 738 960; x_wconf 86' lang='lat' dir='ltr'><strong>Neque</strong></span> <span class='ocrx_word' id='word_1_29' title='bbox 752 879 857 939; x_wconf 85' lang='lat' dir='ltr'><strong>tamen</strong></span> <span class='ocrx_word' id='word_1_30' title='bbox 869 879 952 940; x_wconf 88' lang='lat' dir='ltr'><strong>hanc</strong></span> <span class='ocrx_word' id='word_1_31' title='bbox 964 882 1131 945; x_wconf 83' lang='lat' dir='ltr'><strong>lectionem</strong></span> <span class='ocrx_word' id='word_1_32' title='bbox 1214 927 1216 932; x_wconf 89' lang='lat'>-</span> 
     </span>
     <span class='ocr_line' id='line_1_6' title="bbox 129 981 1131 1066; baseline 0.005 -24"><span class='ocrx_word' id='word_1_33' title='bbox 129 993 248 1042; x_wconf 86' lang='lat' dir='ltr'><strong>temere</strong></span> <span class='ocrx_word' id='word_1_34' title='bbox 271 983 467 1061; x_wconf 70' lang='lat' dir='ltr'><strong>admiserim,</strong></span> <span class='ocrx_word' id='word_1_35' title='bbox 506 983 577 1062; x_wconf 85' lang='lat' dir='ltr'><strong>quia</strong></span> <span class='ocrx_word' id='word_1_36' title='bbox 606 982 704 1042; x_wconf 83' lang='lat' dir='ltr'><strong>altera</strong></span> <span class='ocrx_word' id='word_1_37' title='bbox 733 981 810 1041; x_wconf 88' lang='lat' dir='ltr'><strong>clim</strong></span> <span class='ocrx_word' id='word_1_38' title='bbox 840 981 934 1044; x_wconf 82' lang='lat' dir='ltr'><strong>lectio</strong></span> <span class='ocrx_word' id='word_1_39' title='bbox 963 983 1131 1066; x_wconf 83' lang='lat' dir='ltr'><strong>ferebatur,</strong></span> 
     </span>
     <span class='ocr_line' id='line_1_7' title="bbox 131 1083 1131 1166; baseline 0.002 -16"><span class='ocrx_word' id='word_1_40' title='bbox 131 1085 367 1166; x_wconf 81' lang='grc' dir='ltr'><strong><em>ἀφανίζειν,</em></strong></span> <span class='ocrx_word' id='word_1_41' title='bbox 394 1095 541 1145; x_wconf 77' lang='lat' dir='ltr'><strong>narrante</strong></span> <span class='ocrx_word' id='word_1_42' title='bbox 562 1083 748 1161; x_wconf 75' lang='lat' dir='ltr'><strong>scholiast03</strong></span> <span class='ocrx_word' id='word_1_43' title='bbox 778 1084 861 1145; x_wconf 86' lang='lat' dir='ltr'><strong>unde</strong></span> <span class='ocrx_word' id='word_1_44' title='bbox 880 1088 1055 1149; x_wconf 84' lang='lat' dir='ltr'><strong>necessario</strong></span> <span class='ocrx_word' id='word_1_45' title='bbox 1075 1084 1131 1154; x_wconf 77' lang='grc' dir='ltr'><strong><em>τά-</em></strong></span> 
     </span>
     <span class='ocr_line' id='line_1_8' title="bbox 131 1180 1132 1272; baseline 0 -24"><span class='ocrx_word' id='word_1_46' title='bbox 131 1186 251 1272; x_wconf 70' lang='grc' dir='ltr'><strong><em>ναλμα,</em></strong></span> <span class='ocrx_word' id='word_1_47' title='bbox 272 1189 326 1248; x_wconf 84' lang='lat' dir='ltr'><strong>vel</strong></span> <span class='ocrx_word' id='word_1_48' title='bbox 344 1188 466 1269; x_wconf 87' lang='lat' dir='ltr'><strong>potius,</strong></span> <span class='ocrx_word' id='word_1_49' title='bbox 488 1196 524 1247; x_wconf 86' lang='lat' dir='ltr'><strong>ut</strong></span> <span class='ocrx_word' id='word_1_50' title='bbox 543 1196 579 1246; x_wconf 86' lang='lat' dir='ltr'><strong>tu</strong></span> <span class='ocrx_word' id='word_1_51' title='bbox 598 1187 713 1263; x_wconf 87' lang='lat' dir='ltr'><strong>mavis,</strong></span> <span class='ocrx_word' id='word_1_52' title='bbox 734 1180 876 1270; x_wconf 75' lang='grc' dir='ltr'><strong><em>τῶγαλμα</em></strong></span> <span class='ocrx_word' id='word_1_53' title='bbox 894 1197 961 1249; x_wconf 88' lang='lat' dir='ltr'><strong>tum</strong></span> <span class='ocrx_word' id='word_1_54' title='bbox 981 1192 1132 1271; x_wconf 87' lang='lat' dir='ltr'><strong>scriptum</strong></span> 
     </span>
     <span class='ocr_line' id='line_1_9' title="bbox 131 1282 1132 1378; baseline 0.009 -28"><span class='ocrx_word' id='word_1_55' title='bbox 131 1298 206 1350; x_wconf 88' lang='lat' dir='ltr'><strong>erat.</strong></span> <span class='ocrx_word' id='word_1_56' title='bbox 249 1288 326 1352; x_wconf 87' lang='lat' dir='ltr'><strong>Utra</strong></span> <span class='ocrx_word' id='word_1_57' title='bbox 345 1291 441 1371; x_wconf 86' lang='lat' dir='ltr'><strong>igitur</strong></span> <span class='ocrx_word' id='word_1_58' title='bbox 462 1290 555 1351; x_wconf 84' lang='lat' dir='ltr'><strong>lectio</strong></span> <span class='ocrx_word' id='word_1_59' title='bbox 577 1289 708 1364; x_wconf 82' lang='lat' dir='ltr'><strong>melior,</strong></span> <span class='ocrx_word' id='word_1_60' title='bbox 736 1282 924 1372; x_wconf 78' lang='grc' dir='ltr'><strong><em>ἀναπλήσειν</em></strong></span> <span class='ocrx_word' id='word_1_61' title='bbox 949 1311 991 1378; x_wconf 70' lang='lat' dir='ltr'><strong>en</strong></span> <span class='ocrx_word' id='word_1_62' title='bbox 1019 1289 1132 1376; x_wconf 72' lang='grc' dir='ltr'><strong><em>ἀφανί-</em></strong></span> 
     </span>
     <span class='ocr_line' id='line_1_10' title="bbox 132 1390 1132 1474; baseline 0.004 -18"><span class='ocrx_word' id='word_1_63' title='bbox 132 1391 218 1468; x_wconf 63' lang='grc' dir='ltr'><strong>ζειν.9</strong></span> <span class='ocrx_word' id='word_1_64' title='bbox 236 1401 272 1453; x_wconf 86' lang='lat' dir='ltr'><strong>tu</strong></span> <span class='ocrx_word' id='word_1_65' title='bbox 284 1395 490 1474; x_wconf 79' lang='lat' dir='ltr'><strong>posteriorem</strong></span> <span class='ocrx_word' id='word_1_66' title='bbox 508 1390 647 1473; x_wconf 82' lang='lat' dir='ltr'><strong>praefers</strong></span> <span class='ocrx_word' id='word_1_67' title='bbox 662 1410 762 1470; x_wconf 87' lang='lat' dir='ltr'><strong>neque</strong></span> <span class='ocrx_word' id='word_1_68' title='bbox 776 1391 900 1472; x_wconf 82' lang='lat' dir='ltr'><strong>injuria.</strong></span> <span class='ocrx_word' id='word_1_69' title='bbox 945 1392 1027 1468; x_wconf 86' lang='lat' dir='ltr'><strong>Quid</strong></span> <span class='ocrx_word' id='word_1_70' title='bbox 1046 1397 1132 1460; x_wconf 85' lang='lat' dir='ltr'><strong>enim</strong></span> 
     </span>
    </p>

    <p class='ocr_par' dir='ltr' id='par_1_3' title="bbox 133 1473 1211 1782">
     <span class='ocr_line' id='line_1_11' title="bbox 133 1473 1211 1582; baseline 0.006 -28"><span class='ocrx_word' id='word_1_71' title='bbox 133 1495 175 1554; x_wconf 88' lang='lat' dir='ltr'><strong>sit</strong></span> <span class='ocrx_word' id='word_1_72' title='bbox 189 1495 315 1577; x_wconf 82' lang='lat' dir='ltr'><strong>implere</strong></span> <span class='ocrx_word' id='word_1_73' title='bbox 328 1490 466 1582; x_wconf 59' lang='grc' dir='ltr'><strong><em>ἄγαλμα,</em></strong></span> <span class='ocrx_word' id='word_1_74' title='bbox 490 1495 517 1555; x_wconf 87' lang='lat' dir='ltr'><strong>si</strong></span> <span class='ocrx_word' id='word_1_75' title='bbox 541 1495 649 1554; x_wconf 84' lang='lat' dir='ltr'><strong>dixero</strong></span> <span class='ocrx_word' id='word_1_76' title='bbox 669 1489 720 1552; x_wconf 86' lang='lat' dir='ltr'><strong>nse</strong></span> <span class='ocrx_word' id='word_1_77' title='bbox 739 1493 931 1574; x_wconf 81' lang='lat' dir='ltr'><strong>intelligere3</strong></span> <span class='ocrx_word' id='word_1_78' title='bbox 949 1501 1134 1562; x_wconf 80' lang='lat' dir='ltr'><strong>sententiam</strong></span> <span class='ocrx_word' id='word_1_79' title='bbox 1204 1473 1211 1482; x_wconf 18' lang='grc' dir='ltr'>κ</span> 
     </span>
     <span class='ocr_line' id='line_1_12' title="bbox 133 1588 1134 1684; baseline 0.011 -26"><span class='ocrx_word' id='word_1_80' title='bbox 133 1598 259 1677; x_wconf 87' lang='lat' dir='ltr'><strong>quidem</strong></span> <span class='ocrx_word' id='word_1_81' title='bbox 278 1600 438 1680; x_wconf 84' lang='lat' dir='ltr'><strong>percipio,</strong></span> <span class='ocrx_word' id='word_1_82' title='bbox 476 1588 646 1658; x_wconf 85' lang='lat' dir='ltr'><strong>dictionem</strong></span> <span class='ocrx_word' id='word_1_83' title='bbox 670 1614 736 1656; x_wconf 88' lang='lat' dir='ltr'><strong>non</strong></span> <span class='ocrx_word' id='word_1_84' title='bbox 761 1598 870 1676; x_wconf 90' lang='lat' dir='ltr'><strong>probo.</strong></span> <span class='ocrx_word' id='word_1_85' title='bbox 912 1599 954 1661; x_wconf 81' lang='lat' dir='ltr'><strong>At</strong></span> <span class='ocrx_word' id='word_1_86' title='bbox 972 1596 1134 1684; x_wconf 77' lang='grc' dir='ltr'><strong><em>’ἀφανίζειν</em></strong></span> 
     </span>
     <span class='ocr_line' id='line_1_13' title="bbox 134 1698 1136 1782; baseline 0.006 -23"><span class='ocrx_word' id='word_1_87' title='bbox 134 1721 330 1781; x_wconf 76' lang='lat' dir='ltr'><strong>corrumpere</strong></span> <span class='ocrx_word' id='word_1_88' title='bbox 350 1702 496 1782; x_wconf 79' lang='lat' dir='ltr'><strong>agalma,</strong></span> <span class='ocrx_word' id='word_1_89' title='bbox 526 1700 561 1759; x_wconf 85' lang='lat' dir='ltr'><strong>&#39;si</strong></span> <span class='ocrx_word' id='word_1_90' title='bbox 586 1698 625 1759; x_wconf 85' lang='lat' dir='ltr'><strong>de</strong></span> <span class='ocrx_word' id='word_1_91' title='bbox 655 1717 751 1759; x_wconf 82' lang='lat' dir='ltr'><strong>versu</strong></span> <span class='ocrx_word' id='word_1_92' title='bbox 775 1698 855 1759; x_wconf 90' lang='lat' dir='ltr'><strong>bene</strong></span> <span class='ocrx_word' id='word_1_93' title='bbox 882 1712 1016 1780; x_wconf 90' lang='lat' dir='ltr'><strong>constet,</strong></span> <span class='ocrx_word' id='word_1_94' title='bbox 1052 1705 1136 1765; x_wconf 86' lang='lat' dir='ltr'><strong>nihil</strong></span> 
     </span>
    </p>
   </div>
   <div class='ocr_carea' id='block_1_3' title="bbox 27 1798 1276 2504">
    <p class='ocr_par' dir='ltr' id='par_1_4' title="bbox 27 1798 1276 2504">
     <span class='ocr_line' id='line_1_14' title="bbox 134 1798 1217 1886; baseline 0.011 -24"><span class='ocrx_word' id='word_1_95' title='bbox 134 1813 183 1863; x_wconf 86' lang='lat' dir='ltr'><strong>est</strong></span> <span class='ocrx_word' id='word_1_96' title='bbox 210 1805 292 1884; x_wconf 88' lang='lat' dir='ltr'><strong>quod</strong></span> <span class='ocrx_word' id='word_1_97' title='bbox 321 1805 417 1867; x_wconf 86' lang='lat' dir='ltr'><strong>verba</strong></span> <span class='ocrx_word' id='word_1_98' title='bbox 443 1803 610 1886; x_wconf 79' lang='lat' dir='ltr'><strong>vituperes.</strong></span> <span class='ocrx_word' id='word_1_99' title='bbox 666 1798 745 1880; x_wconf 85' lang='lat' dir='ltr'><strong>Ergo</strong></span> <span class='ocrx_word' id='word_1_100' title='bbox 773 1821 899 1863; x_wconf 85' lang='lat' dir='ltr'><strong>sensum</strong></span> <span class='ocrx_word' id='word_1_101' title='bbox 927 1808 1132 1869; x_wconf 86' lang='lat' dir='ltr'><strong>excutiamus:</strong></span> <span class='ocrx_word' id='word_1_102' title='bbox 1153 1811 1217 1874; x_wconf 76' lang='lat'><strong>448</strong></span> 
     </span>
     <span class='ocr_line' id='line_1_15' title="bbox 134 1903 1135 1990; baseline 0.004 -24"><span class='ocrx_word' id='word_1_103' title='bbox 134 1906 262 1984; x_wconf 86' lang='lat' dir='ltr'><strong>Disces,</strong></span> <span class='ocrx_word' id='word_1_104' title='bbox 288 1907 407 1987; x_wconf 87' lang='lat' dir='ltr'><strong>iuquit,</strong></span> <span class='ocrx_word' id='word_1_105' title='bbox 437 1905 506 1966; x_wconf 91' lang='lat' dir='ltr'><strong>foro</strong></span> <span class='ocrx_word' id='word_1_106' title='bbox 529 1903 683 1964; x_wconf 89' lang='lat' dir='ltr'><strong>abstinere</strong></span> <span class='ocrx_word' id='word_1_107' title='bbox 704 1911 735 1963; x_wconf 91' lang='lat' dir='ltr'><strong>et</strong></span> <span class='ocrx_word' id='word_1_108' title='bbox 753 1904 892 1981; x_wconf 76' lang='lat' dir='ltr'><strong>balneis,</strong></span> <span class='ocrx_word' id='word_1_109' title='bbox 913 1907 1013 1969; x_wconf 85' lang='lat' dir='ltr'><strong>disces</strong></span> <span class='ocrx_word' id='word_1_110' title='bbox 1032 1911 1135 1990; x_wconf 86' lang='lat' dir='ltr'><strong>pudo-</strong></span> 
     </span>
     <span class='ocr_line' id='line_1_16' title="bbox 50 1993 1151 2090; baseline 0.005 -21"><span class='ocrx_word' id='word_1_111' title='bbox 50 1993 55 2002; x_wconf 34' lang='lat'><em>*</em></span> <span class='ocrx_word' id='word_1_112' title='bbox 132 2029 202 2070; x_wconf 88' lang='lat' dir='ltr'><strong>rem</strong></span> <span class='ocrx_word' id='word_1_113' title='bbox 224 2010 413 2090; x_wconf 87' lang='lat' dir='ltr'><strong>ingenuum,</strong></span> <span class='ocrx_word' id='word_1_114' title='bbox 436 2007 609 2069; x_wconf 88' lang='lat' dir='ltr'><strong>senioribus</strong></span> <span class='ocrx_word' id='word_1_115' title='bbox 631 2007 700 2064; x_wconf 88' lang='lat' dir='ltr'><strong>loco</strong></span> <span class='ocrx_word' id='word_1_116' title='bbox 725 2007 851 2084; x_wconf 85' lang='lat' dir='ltr'><strong>cedere,</strong></span> <span class='ocrx_word' id='word_1_117' title='bbox 870 2011 1051 2087; x_wconf 88' lang='lat' dir='ltr'><strong>parentibus</strong></span> <span class='ocrx_word' id='word_1_118' title='bbox 1068 2003 1151 2074; x_wconf 90' lang='lat' dir='ltr'><strong>non</strong></span> 
     </span>
     <span class='ocr_line' id='line_1_17' title="bbox 92 2105 1135 2200; baseline 0.008 -28"><span class='ocrx_word' id='word_1_119' title='bbox 92 2133 94 2140; x_wconf 67' lang='grc'>’</span> <span class='ocrx_word' id='word_1_120' title='bbox 135 2113 340 2188; x_wconf 79' lang='lat' dir='ltr'><strong>malefacere,</strong></span> <span class='ocrx_word' id='word_1_121' title='bbox 367 2131 468 2193; x_wconf 87' lang='lat' dir='ltr'><strong>neque</strong></span> <span class='ocrx_word' id='word_1_122' title='bbox 489 2110 575 2171; x_wconf 86' lang='lat' dir='ltr'><strong>aliud</strong></span> <span class='ocrx_word' id='word_1_123' title='bbox 599 2109 673 2190; x_wconf 85' lang='lat' dir='ltr'><strong>quid</strong></span> <span class='ocrx_word' id='word_1_124' title='bbox 692 2117 785 2188; x_wconf 86' lang='lat' dir='ltr'><strong>turpe</strong></span> <span class='ocrx_word' id='word_1_125' title='bbox 806 2109 984 2191; x_wconf 79' lang='lat' dir='ltr'><strong>admittere,</strong></span> <span class='ocrx_word' id='word_1_126' title='bbox 1010 2105 1061 2179; x_wconf 78' lang='grc' dir='ltr'><strong><em>ὅτι</em></strong></span> <span class='ocrx_word' id='word_1_127' title='bbox 1078 2116 1135 2200; x_wconf 78' lang='grc' dir='ltr'><strong>τῆς</strong></span> 
     </span>
     <span class='ocr_line' id='line_1_18' title="bbox 135 2191 1136 2306; baseline 0 -28"><span class='ocrx_word' id='word_1_128' title='bbox 135 2209 244 2287; x_wconf 65' lang='lat' dir='ltr'><strong>cibabo</strong></span> <span class='ocrx_word' id='word_1_129' title='bbox 266 2207 387 2296; x_wconf 62' lang='lat' dir='ltr'><strong>petiisse</strong></span> <span class='ocrx_word' id='word_1_130' title='bbox 413 2209 564 2298; x_wconf 45' lang='lat' dir='ltr'><strong>cripui-ps</strong></span> <span class='ocrx_word' id='word_1_131' title='bbox 579 2211 734 2294; x_wconf 73' lang='grc' dir='ltr'><strong><em>ἀφανίζειν</em></strong></span> <span class='ocrx_word' id='word_1_132' title='bbox 759 2191 973 2296; x_wconf 69' lang='grc' dir='ltr'><strong><em>(ἀναπλήσειν)</em></strong></span> <span class='ocrx_word' id='word_1_133' title='bbox 1001 2219 1078 2298; x_wconf 79' lang='lat' dir='ltr'><strong>quia</strong></span> <span class='ocrx_word' id='word_1_134' title='bbox 1093 2213 1136 2306; x_wconf 66' lang='grc' dir='ltr'><strong>ἐν</strong></span> 
     </span>
     <span class='ocr_line' id='line_1_19' title="bbox 27 2313 1137 2400; baseline 0.004 -27"><span class='ocrx_word' id='word_1_135' title='bbox 27 2346 29 2354; x_wconf 90' lang='grc'><strong><em>·</em></strong></span> <span class='ocrx_word' id='word_1_136' title='bbox 134 2328 230 2397; x_wconf 70' lang='lat' dir='ltr'><strong>pado</strong></span> <span class='ocrx_word' id='word_1_137' title='bbox 258 2315 396 2376; x_wconf 77' lang='lat' dir='ltr'><strong>Pudorie</strong></span> <span class='ocrx_word' id='word_1_138' title='bbox 422 2319 548 2397; x_wconf 81' lang='lat' dir='ltr'><strong>signum</strong></span> <span class='ocrx_word' id='word_1_139' title='bbox 572 2313 784 2396; x_wconf 69' lang='lat' dir='ltr'><strong>(imaginem)</strong></span> <span class='ocrx_word' id='word_1_140' title='bbox 809 2334 991 2400; x_wconf 79' lang='lat' dir='ltr'><strong>corrumpar.</strong></span> <span class='ocrx_word' id='word_1_141' title='bbox 1040 2321 1137 2385; x_wconf 74' lang='lat' dir='ltr'><strong>Plana</strong></span> 
     </span>
     <span class='ocr_line' id='line_1_20' title="bbox 135 2413 1276 2504; baseline 0.006 -25"><span class='ocrx_word' id='word_1_142' title='bbox 135 2420 263 2504; x_wconf 85' lang='lat' dir='ltr'><strong>quidem</strong></span> <span class='ocrx_word' id='word_1_143' title='bbox 291 2420 369 2483; x_wconf 87' lang='lat' dir='ltr'><strong>haec</strong></span> <span class='ocrx_word' id='word_1_144' title='bbox 395 2419 496 2482; x_wconf 84' lang='lat' dir='ltr'><strong>illatio</strong></span> <span class='ocrx_word' id='word_1_145' title='bbox 524 2424 585 2490; x_wconf 82' lang='lat' dir='ltr'><strong>est,</strong></span> <span class='ocrx_word' id='word_1_146' title='bbox 622 2416 677 2477; x_wconf 85' lang='lat' dir='ltr'><strong>sed</strong></span> <span class='ocrx_word' id='word_1_147' title='bbox 698 2413 815 2495; x_wconf 88' lang='lat' dir='ltr'><strong>oppido</strong></span> <span class='ocrx_word' id='word_1_148' title='bbox 834 2417 941 2497; x_wconf 85' lang='lat' dir='ltr'><strong>friget:</strong></span> <span class='ocrx_word' id='word_1_149' title='bbox 976 2432 1068 2502; x_wconf 86' lang='lat' dir='ltr'><strong>atquc</strong></span> <span class='ocrx_word' id='word_1_150' title='bbox 1098 2445 1146 2486; x_wconf 87' lang='lat' dir='ltr'><strong>eo·</strong></span> <span class='ocrx_word' id='word_1_151' title='bbox 1198 2493 1200 2498; x_wconf 52' lang='grc'>,</span> <span class='ocrx_word' id='word_1_152' title='bbox 1274 2447 1276 2451; x_wconf 93' lang='grc'><em>·</em></span> 
     </span>
    </p>
   </div>
   <div class='ocr_carea' id='block_1_4' title="bbox 108 2516 1249 4244">
    <p class='ocr_par' dir='ltr' id='par_1_5' title="bbox 108 2516 1249 4244">
     <span class='ocr_line' id='line_1_21' title="bbox 135 2516 1138 2606; baseline -0.005 -23"><span class='ocrx_word' id='word_1_153' title='bbox 135 2524 208 2605; x_wconf 90' lang='lat' dir='ltr'><strong>ipso</strong></span> <span class='ocrx_word' id='word_1_154' title='bbox 226 2522 310 2603; x_wconf 87' lang='lat' dir='ltr'><strong>quod</strong></span> <span class='ocrx_word' id='word_1_155' title='bbox 330 2530 393 2580; x_wconf 83' lang='lat' dir='ltr'><strong>tam</strong></span> <span class='ocrx_word' id='word_1_156' title='bbox 413 2522 508 2600; x_wconf 86' lang='lat' dir='ltr'><strong>plana</strong></span> <span class='ocrx_word' id='word_1_157' title='bbox 527 2527 589 2594; x_wconf 88' lang='lat' dir='ltr'><strong>est,</strong></span> <span class='ocrx_word' id='word_1_158' title='bbox 623 2537 643 2576; x_wconf 83' lang='lat' dir='ltr'><strong>a</strong></span> <span class='ocrx_word' id='word_1_159' title='bbox 662 2516 887 2578; x_wconf 81' lang='lat' dir='ltr'><strong>correctoribus</strong></span> <span class='ocrx_word' id='word_1_160' title='bbox 912 2521 1036 2583; x_wconf 81' lang='lat' dir='ltr'><strong>videtur</strong></span> <span class='ocrx_word' id='word_1_161' title='bbox 1059 2545 1138 2606; x_wconf 83' lang='lat' dir='ltr'><strong>pro.</strong></span> 
     </span>
     <span class='ocr_line' id='line_1_22' title="bbox 135 2615 1138 2706; baseline 0.001 -19"><span class='ocrx_word' id='word_1_162' title='bbox 135 2625 238 2701; x_wconf 82' lang='lat' dir='ltr'><strong>fecta,</strong></span> <span class='ocrx_word' id='word_1_163' title='bbox 269 2626 324 2706; x_wconf 83' lang='lat' dir='ltr'><strong>qui</strong></span> <span class='ocrx_word' id='word_1_164' title='bbox 343 2615 591 2706; x_wconf 76' lang='grc' dir='ltr'><strong><em>τάἀνάπλήσειν</em></strong></span> <span class='ocrx_word' id='word_1_165' title='bbox 617 2639 683 2681; x_wconf 87' lang='lat' dir='ltr'><strong>non</strong></span> <span class='ocrx_word' id='word_1_166' title='bbox 709 2617 890 2700; x_wconf 72' lang='lat' dir='ltr'><strong>probabant</strong></span> <span class='ocrx_word' id='word_1_167' title='bbox 941 2622 1072 2704; x_wconf 81' lang='lat' dir='ltr'><strong>Contra,</strong></span> <span class='ocrx_word' id='word_1_168' title='bbox 1109 2629 1138 2690; x_wconf 91' lang='lat' dir='ltr'><strong>si</strong></span> 
     </span>
     <span class='ocr_line' id='line_1_23' title="bbox 136 2715 1249 2809; baseline -0.008 -24"><span class='ocrx_word' id='word_1_169' title='bbox 136 2727 295 2809; x_wconf 75' lang='grc' dir='ltr'><strong><em>ἀφανίζειν</em></strong></span> <span class='ocrx_word' id='word_1_170' title='bbox 322 2745 341 2784; x_wconf 86' lang='lat' dir='ltr'><strong>a</strong></span> <span class='ocrx_word' id='word_1_171' title='bbox 367 2727 524 2808; x_wconf 86' lang='lat' dir='ltr'><strong>principio</strong></span> <span class='ocrx_word' id='word_1_172' title='bbox 554 2723 719 2800; x_wconf 79' lang='lat' dir='ltr'><strong>extitisset3</strong></span> <span class='ocrx_word' id='word_1_173' title='bbox 752 2721 825 2801; x_wconf 79' lang='lat' dir='ltr'><strong>‘quis</strong></span> <span class='ocrx_word' id='word_1_174' title='bbox 844 2715 916 2804; x_wconf 48' lang='lat' dir='ltr'><strong>&#39;tarn</strong></span> <span class='ocrx_word' id='word_1_175' title='bbox 942 2727 1066 2805; x_wconf 86' lang='lat' dir='ltr'><strong>laevus,</strong></span> <span class='ocrx_word' id='word_1_176' title='bbox 1099 2742 1139 2791; x_wconf 81' lang='lat' dir='ltr'><strong>ut.</strong></span> <span class='ocrx_word' id='word_1_177' title='bbox 1246 2769 1249 2776; x_wconf 86' lang='lat'><strong>.</strong></span> 
     </span>
     <span class='ocr_line' id='line_1_24' title="bbox 136 2816 1136 2912; baseline -0.005 -16"><span class='ocrx_word' id='word_1_178' title='bbox 136 2816 324 2912; x_wconf 74' lang='grc' dir='ltr'><strong><em>ἀναπλήσειν</em></strong></span> <span class='ocrx_word' id='word_1_179' title='bbox 359 2849 401 2890; x_wconf 82' lang='lat' dir='ltr'><strong>ex</strong></span> <span class='ocrx_word' id='word_1_180' title='bbox 437 2829 616 2910; x_wconf 77' lang='lat' dir='ltr'><strong>conjectura</strong></span> <span class='ocrx_word' id='word_1_181' title='bbox 650 2823 869 2884; x_wconf 78' lang='lat' dir='ltr'><strong>substitueret?</strong></span> <span class='ocrx_word' id='word_1_182' title='bbox 910 2824 1061 2908; x_wconf 85' lang='lat' dir='ltr'><strong>Equidem</strong></span> <span class='ocrx_word' id='word_1_183' title='bbox 1091 2832 1136 2891; x_wconf 86' lang='lat' dir='ltr'><strong>sic</strong></span> 
     </span>
     <span class='ocr_line' id='line_1_25' title="bbox 138 2927 1208 3015; baseline -0.012 -10"><span class='ocrx_word' id='word_1_184' title='bbox 138 2939 301 3012; x_wconf 73' lang='lat' dir='ltr'><strong>existimo,</strong></span> <span class='ocrx_word' id='word_1_185' title='bbox 328 2927 364 3004; x_wconf 79' lang='grc' dir='ltr'><strong>τὸ</strong></span> <span class='ocrx_word' id='word_1_186' title='bbox 385 2928 569 3015; x_wconf 84' lang='grc' dir='ltr'><strong><em>ἀναπλήσειν</em></strong></span> <span class='ocrx_word' id='word_1_187' title='bbox 588 2950 653 2990; x_wconf 90' lang='lat' dir='ltr'><strong>non</strong></span> <span class='ocrx_word' id='word_1_188' title='bbox 675 2938 759 2990; x_wconf 88' lang='lat' dir='ltr'><strong>certo</strong></span> <span class='ocrx_word' id='word_1_189' title='bbox 784 2928 903 3004; x_wconf 84' lang='lat' dir='ltr'><strong>studio,</strong></span> <span class='ocrx_word' id='word_1_190' title='bbox 936 2931 991 2990; x_wconf 88' lang='lat' dir='ltr'><strong>sed</strong></span> <span class='ocrx_word' id='word_1_191' title='bbox 1011 2951 1084 2991; x_wconf 84' lang='lat' dir='ltr'><strong>casu</strong></span> <span class='ocrx_word' id='word_1_192' title='bbox 1104 2942 1136 2992; x_wconf 88' lang='lat' dir='ltr'><strong>et</strong></span> <span class='ocrx_word' id='word_1_193' title='bbox 1206 2993 1208 3000; x_wconf 44' lang='lat'><strong>,</strong></span> 
     </span>
     <span class='ocr_line' id='line_1_26' title="bbox 137 3031 1136 3118; baseline -0.006 -19"><span class='ocrx_word' id='word_1_194' title='bbox 137 3040 261 3106; x_wconf 81' lang='lat' dir='ltr'><strong>incuria</strong></span> <span class='ocrx_word' id='word_1_195' title='bbox 291 3037 328 3104; x_wconf 80' lang='lat' dir='ltr'><strong>in</strong></span> <span class='ocrx_word' id='word_1_196' title='bbox 356 3044 477 3096; x_wconf 83' lang='lat' dir='ltr'><strong>textum</strong></span> <span class='ocrx_word' id='word_1_197' title='bbox 505 3034 685 3114; x_wconf 79' lang='lat' dir='ltr'><strong>irrepsisse,</strong></span> <span class='ocrx_word' id='word_1_198' title='bbox 721 3054 739 3091; x_wconf 94' lang='lat' dir='ltr'><strong>a</strong></span> <span class='ocrx_word' id='word_1_199' title='bbox 758 3052 833 3093; x_wconf 84' lang='lat' dir='ltr'><strong>vera</strong></span> <span class='ocrx_word' id='word_1_200' title='bbox 857 3031 989 3098; x_wconf 81' lang='lat' dir='ltr'><strong>lectione</strong></span> <span class='ocrx_word' id='word_1_201' title='bbox 1010 3033 1136 3118; x_wconf 85' lang='lat' dir='ltr'><strong>paullu-</strong></span> 
     </span>
     <span class='ocr_line' id='line_1_27' title="bbox 136 3123 710 3214; baseline -0.019 -10"><span class='ocrx_word' id='word_1_202' title='bbox 136 3145 207 3212; x_wconf 82' lang='lat' dir='ltr'><strong>lum</strong></span> <span class='ocrx_word' id='word_1_203' title='bbox 230 3139 394 3202; x_wconf 84' lang='lat' dir='ltr'><strong>deflexum.</strong></span> <span class='ocrx_word' id='word_1_204' title='bbox 437 3123 488 3195; x_wconf 77' lang='lat' dir='ltr'><strong>Si&#39;c</strong></span> <span class='ocrx_word' id='word_1_205' title='bbox 500 3129 593 3206; x_wconf 78' lang='lat' dir='ltr'><strong>‘enim</strong></span> <span class='ocrx_word' id='word_1_206' title='bbox 612 3135 710 3214; x_wconf 75' lang='lat' dir='ltr'><strong>lego„</strong></span> 
     </span>
     <span class='ocr_line' id='line_1_28' title="bbox 108 3230 790 3319; baseline -0.007 -16"><span class='ocrx_word' id='word_1_207' title='bbox 108 3245 111 3254; x_wconf 87' lang='lat'>&#39;</span> <span class='ocrx_word' id='word_1_208' title='bbox 489 3273 531 3284; x_wconf 90' lang='lat'>-</span> <span class='ocrx_word' id='word_1_209' title='bbox 552 3233 626 3309; x_wconf 83' lang='grc' dir='ltr'><strong><em>ἀλλο</em></strong></span> <span class='ocrx_word' id='word_1_210' title='bbox 643 3260 676 3302; x_wconf 82' lang='grc' dir='ltr'><strong>τε</strong></span> <span class='ocrx_word' id='word_1_211' title='bbox 695 3230 790 3319; x_wconf 78' lang='grc' dir='ltr'><strong><em>μηδὲν</em></strong></span> 
     </span>
     <span class='ocr_line' id='line_1_29' title="bbox 268 3329 1138 3430; baseline -0.006 -23"><span class='ocrx_word' id='word_1_212' title='bbox 268 3337 404 3430; x_wconf 76' lang='grc' dir='ltr'><strong><em>Αἰσχρὸν</em></strong></span> <span class='ocrx_word' id='word_1_213' title='bbox 432 3349 549 3418; x_wconf 79' lang='grc' dir='ltr'><strong><em>ποιεῖν,</em></strong></span> <span class='ocrx_word' id='word_1_214' title='bbox 565 3423 567 3430; x_wconf 18' lang='lat' dir='ltr'>y</span> <span class='ocrx_word' id='word_1_215' title='bbox 586 3329 636 3426; x_wconf 70' lang='grc' dir='ltr'><strong><em>ὅτι</em></strong></span> <span class='ocrx_word' id='word_1_216' title='bbox 663 3337 717 3422; x_wconf 79' lang='grc' dir='ltr'><strong>τῆς</strong></span> <span class='ocrx_word' id='word_1_217' title='bbox 742 3332 848 3414; x_wconf 76' lang='grc' dir='ltr'><strong><em>αἰδοῦς</em></strong></span> <span class='ocrx_word' id='word_1_218' title='bbox 866 3333 986 3422; x_wconf 77' lang='grc' dir='ltr'><strong><em>μέλλεις</em></strong></span> <span class='ocrx_word' id='word_1_219' title='bbox 1003 3335 1138 3426; x_wconf 55' lang='grc' dir='ltr'><strong><em>τάναλιΰ</em></strong></span> 
     </span>
     <span class='ocr_line' id='line_1_30' title="bbox 560 3432 1098 3522; baseline -0.011 -14"><span class='ocrx_word' id='word_1_220' title='bbox 560 3432 795 3522; x_wconf 74' lang='grc' dir='ltr'><strong><em>ἀναπλάσσειν.</em></strong></span> <span class='ocrx_word' id='word_1_221' title='bbox 1093 3513 1098 3522; x_wconf 45' lang='grc'><em>,</em></span> 
     </span>
     <span class='ocr_line' id='line_1_31' title="bbox 229 3541 1141 3634; baseline -0.002 -26"><span class='ocrx_word' id='word_1_222' title='bbox 229 3545 320 3608; x_wconf 82' lang='lat' dir='ltr'><strong>Nihil</strong></span> <span class='ocrx_word' id='word_1_223' title='bbox 340 3556 446 3634; x_wconf 86' lang='lat' dir='ltr'><strong>turpe,</strong></span> <span class='ocrx_word' id='word_1_224' title='bbox 470 3546 589 3634; x_wconf 85' lang='lat' dir='ltr'><strong>inquit,</strong></span> <span class='ocrx_word' id='word_1_225' title='bbox 609 3543 798 3619; x_wconf 86' lang='lat' dir='ltr'><strong>committes,</strong></span> <span class='ocrx_word' id='word_1_226' title='bbox 821 3541 892 3620; x_wconf 86' lang='lat' dir='ltr'><strong>quia</strong></span> <span class='ocrx_word' id='word_1_227' title='bbox 910 3541 943 3601; x_wconf 83' lang='lat' dir='ltr'><strong>id</strong></span> <span class='ocrx_word' id='word_1_228' title='bbox 965 3541 1141 3612; x_wconf 78' lang='lat' dir='ltr'><strong>institutum</strong></span> 
     </span>
     <span class='ocr_line' id='line_1_32' title="bbox 143 3632 1143 3732; baseline -0.005 -21"><span class='ocrx_word' id='word_1_229' title='bbox 143 3661 233 3711; x_wconf 88' lang='lat' dir='ltr'><strong>tuum</strong></span> <span class='ocrx_word' id='word_1_230' title='bbox 256 3661 305 3732; x_wconf 76' lang='lat' dir='ltr'><strong>est</strong></span> <span class='ocrx_word' id='word_1_231' title='bbox 326 3670 362 3709; x_wconf 88' lang='lat' dir='ltr'><strong>ea</strong></span> <span class='ocrx_word' id='word_1_232' title='bbox 385 3632 565 3731; x_wconf 85' lang='lat' dir='ltr'><strong>disciplina,</strong></span> <span class='ocrx_word' id='word_1_233' title='bbox 603 3657 639 3709; x_wconf 89' lang='lat' dir='ltr'><strong>ut</strong></span> <span class='ocrx_word' id='word_1_234' title='bbox 664 3665 777 3709; x_wconf 83' lang='lat' dir='ltr'><strong>verum</strong></span> <span class='ocrx_word' id='word_1_235' title='bbox 804 3654 836 3704; x_wconf 85' lang='lat' dir='ltr'><strong>te</strong></span> <span class='ocrx_word' id='word_1_236' title='bbox 862 3643 991 3710; x_wconf 79' lang='lat' dir='ltr'><strong>Pudoris</strong></span> <span class='ocrx_word' id='word_1_237' title='bbox 1016 3644 1143 3706; x_wconf 82' lang='lat' dir='ltr'><strong>simula-</strong></span> 
     </span>
     <span class='ocr_line' id='line_1_33' title="bbox 146 3740 1144 3832; baseline -0.005 -20"><span class='ocrx_word' id='word_1_238' title='bbox 146 3751 258 3812; x_wconf 86' lang='lat' dir='ltr'><strong>chrum</strong></span> <span class='ocrx_word' id='word_1_239' title='bbox 286 3753 421 3832; x_wconf 82' lang='lat' dir='ltr'><strong>effiugas.</strong></span> <span class='ocrx_word' id='word_1_240' title='bbox 464 3753 560 3814; x_wconf 90' lang='lat' dir='ltr'><strong>Porro</strong></span> <span class='ocrx_word' id='word_1_241' title='bbox 598 3741 805 3816; x_wconf 76' lang='grc' dir='ltr'><strong><em>ἀναπλάσσειν</em></strong></span> <span class='ocrx_word' id='word_1_242' title='bbox 836 3740 955 3830; x_wconf 79' lang='grc' dir='ltr'><strong><em>ἀγαλμα</em></strong></span> <span class='ocrx_word' id='word_1_243' title='bbox 990 3768 1030 3808; x_wconf 80' lang='lat' dir='ltr'><strong>ex</strong></span> <span class='ocrx_word' id='word_1_244' title='bbox 1063 3768 1144 3832; x_wconf 84' lang='lat' dir='ltr'><strong>cera,</strong></span> 
     </span>
     <span class='ocr_line' id='line_1_34' title="bbox 146 3845 1144 3936; baseline -0.002 -22"><span class='ocrx_word' id='word_1_245' title='bbox 146 3854 256 3933; x_wconf 82' lang='lat' dir='ltr'><strong>argilla</strong></span> <span class='ocrx_word' id='word_1_246' title='bbox 279 3849 336 3918; x_wconf 86' lang='lat' dir='ltr'><strong>etc.</strong></span> <span class='ocrx_word' id='word_1_247' title='bbox 361 3857 572 3936; x_wconf 84' lang='lat' dir='ltr'><strong>propriissime</strong></span> <span class='ocrx_word' id='word_1_248' title='bbox 593 3855 712 3915; x_wconf 86' lang='lat' dir='ltr'><strong>dictum</strong></span> <span class='ocrx_word' id='word_1_249' title='bbox 738 3859 774 3910; x_wconf 91' lang='lat' dir='ltr'><strong>tu</strong></span> <span class='ocrx_word' id='word_1_250' title='bbox 801 3851 918 3928; x_wconf 86' lang='lat' dir='ltr'><strong>optime</strong></span> <span class='ocrx_word' id='word_1_251' title='bbox 945 3845 1037 3917; x_wconf 85' lang='lat' dir='ltr'><strong>ubsti.</strong></span> <span class='ocrx_word' id='word_1_252' title='bbox 1078 3851 1144 3919; x_wconf 79' lang='lat' dir='ltr'><strong>Ne-</strong></span> 
     </span>
     <span class='ocr_line' id='line_1_35' title="bbox 148 3945 1145 4045; baseline -0.004 -31"><span class='ocrx_word' id='word_1_253' title='bbox 148 3976 208 4037; x_wconf 88' lang='lat' dir='ltr'><strong>que</strong></span> <span class='ocrx_word' id='word_1_254' title='bbox 229 3956 523 4033; x_wconf 62' lang='lat' dir='ltr'><strong>memorabitur,</strong></span> <span class='ocrx_word' id='word_1_255' title='bbox 562 3955 645 4045; x_wconf 76' lang='lat' dir='ltr'><strong>quod</strong></span> <span class='ocrx_word' id='word_1_256' title='bbox 667 3945 936 4036; x_wconf 72' lang='grc' dir='ltr'><strong><em>ἀναπλάττειν</em></strong></span> <span class='ocrx_word' id='word_1_257' title='bbox 958 3954 1064 4036; x_wconf 88' lang='lat' dir='ltr'><strong>potius</strong></span> <span class='ocrx_word' id='word_1_258' title='bbox 1093 3954 1145 4015; x_wconf 77' lang='lat' dir='ltr'><strong>di.</strong></span> 
     </span>
     <span class='ocr_line' id='line_1_36' title="bbox 149 4047 1144 4127; baseline -0.004 -7"><span class='ocrx_word' id='word_1_259' title='bbox 149 4079 222 4120; x_wconf 90' lang='lat' dir='ltr'><strong>cere</strong></span> <span class='ocrx_word' id='word_1_260' title='bbox 251 4060 366 4121; x_wconf 83' lang='lat' dir='ltr'><strong>voluit:</strong></span> <span class='ocrx_word' id='word_1_261' title='bbox 403 4060 448 4120; x_wconf 88' lang='lat' dir='ltr'><strong>sic</strong></span> <span class='ocrx_word' id='word_1_262' title='bbox 475 4047 887 4127; x_wconf 73' lang='grc' dir='ltr'><strong><em>επὶιιιααταπλάσσεὶν</em></strong></span> <span class='ocrx_word' id='word_1_263' title='bbox 916 4055 964 4116; x_wconf 88' lang='lat' dir='ltr'><strong>bis</strong></span> <span class='ocrx_word' id='word_1_264' title='bbox 992 4055 1027 4116; x_wconf 91' lang='lat' dir='ltr'><strong>in</strong></span> <span class='ocrx_word' id='word_1_265' title='bbox 1056 4054 1144 4117; x_wconf 87' lang='lat' dir='ltr'><strong>Pluto</strong></span> 
     </span>
     <span class='ocr_line' id='line_1_37' title="bbox 152 4155 1146 4244; baseline -0.002 -22"><span class='ocrx_word' id='word_1_266' title='bbox 152 4163 316 4240; x_wconf 52' lang='lat' dir='ltr'><strong>habemus*</strong></span> <span class='ocrx_word' id='word_1_267' title='bbox 350 4159 466 4222; x_wconf 83' lang='lat' dir='ltr'><strong>Eadem</strong></span> <span class='ocrx_word' id='word_1_268' title='bbox 486 4171 587 4223; x_wconf 89' lang='lat' dir='ltr'><strong>autem</strong></span> <span class='ocrx_word' id='word_1_269' title='bbox 605 4161 719 4244; x_wconf 85' lang='lat' dir='ltr'><strong>pagina</strong></span> <span class='ocrx_word' id='word_1_270' title='bbox 745 4164 840 4232; x_wconf 84' lang='lat' dir='ltr'><strong>[vers.</strong></span> <span class='ocrx_word' id='word_1_271' title='bbox 858 4165 933 4239; x_wconf 64' lang='grc' dir='ltr'><strong><em>σειν]</em></strong></span> <span class='ocrx_word' id='word_1_272' title='bbox 955 4155 1021 4218; x_wconf 89' lang='lat' dir='ltr'><strong>non</strong></span> <span class='ocrx_word' id='word_1_273' title='bbox 1043 4170 1089 4220; x_wconf 90' lang='lat' dir='ltr'><strong>est</strong></span> <span class='ocrx_word' id='word_1_274' title='bbox 1111 4171 1146 4225; x_wconf 80' lang='lat' dir='ltr'><strong>ut</strong></span> 
     </span>
    </p>
   </div>
   <div class='ocr_carea' id='block_1_5' title="bbox 0 0 1478 5008">
    <p class='ocr_par' dir='ltr' id='par_1_6' title="bbox 0 0 1478 5008">
     <span class='ocr_line' id='line_1_38' title="bbox 0 0 1478 5008; baseline 0 0"><span class='ocrx_word' id='word_1_275' title='bbox 0 0 1478 5008; x_wconf 95' lang='lat' dir='ltr'><strong> </strong></span> 
     </span>
    </p>
   </div>
  </div>
 </body>
</html>
