2918 5008
234 403 236 409 ’
334 409 380 491 ου

423 602 532 682 Neque
559 604 643 662 enim
669 603 721 662 vel
748 585 862 664 Suidse
887 603 940 666 vvel
967 603 1127 666 Euststhio
1155 606 1249 666 fidem
1276 606 1333 666 lra-

337 707 411 765 bere
437 725 579 784 possum,
618 705 672 784 qui
707 700 936 789 ἐπιθαυμάζειν
969 718 1131 787 exponunt
1163 711 1334 791 μισθοῖς

335 807 463 894 τιμᾷν.
505 807 591 868 Hsee
612 808 830 888 interpretatio
852 829 892 869 ex
911 811 945 871 vi
970 815 1140 870 sententiae
1167 818 1258 871 enata
1275 823 1334 888 est,

336 923 402 970 non
422 909 514 990 quod*
527 909 816 990 spud'quemquam
836 911 932 972 ulium
953 906 1179 994 ἐπιθαυμάζειν
1200 935 1238 974 00
1259 935 1334 974 sen-

336 1034 372 1072 su
391 1015 526 1093 positum
545 1012 732 1072 invenerint.
775 1011 928 1092 Equidem
948 1037 1014 1074 nou
1039 1017 1133 1076 video
1155 1017 1267 1095 quibus
1296 1017 1334 1075 fi-

240 1179 243 1186 ,
337 1117 451 1176 diculis
473 1135 515 1192 eu
532 1115 565 1176 vi
586 1113 673 1172 urbi
691 1123 876 1198 extorquere
894 1116 955 1177 hoe
975 1119 1102 1200 possint.
1145 1117 1233 1192 Quae
1250 1121 1333 1200 apud

336 1211 519 1303 σχολαστὴν
539 1217 593 1276 hio
620 1216 733 1292 habes,
755 1215 943 1279 Florentinis
965 1220 1133 1281 debentur:
1176 1221 1275 1280 Aldus
1298 1243 1334 1281 ea

337 1341 402 1380 non
430 1320 576 1400 agnoscit
621 1317 701 1378 Mihi
724 1319 776 1381 hie
806 1342 917 1402 squam
938 1322 1068 1384 haerere
1089 1323 1197 1383 fateor.
1242 1324 1334 1385 Sint

321 1419 372 1484 ‘in
396 1443 480 1484 nova
501 1421 668 1482 Comoedia
687 1421 737 1498 fit,
760 1421 952 1505 Strepsisdes
974 1426 1015 1486 ud
1033 1427 1234 1506 ¹spectatores
1254 1447 1333 1486 oon-

233 1554 238 1560 ·
292 1599 294 1606 y
337 1546 444 1588 versus
465 1524 541 1586 hoec
565 1525 700 1600 diceret,
743 1524 870 1588 Socrate
898 1547 964 1588 non
990 1529 1154 1605 audiente;
1184 1539 1251 1594 tum
1279 1550 1332 1588 su-

341 1628 480 1714 spicarer
500 1638 657 1688 auctorem
682 1625 803 1688 dedisse

462 1728 518 1816 χρὴ
539 1723 597 1814 γᾶρ
617 1730 855 1814 πιθηκὶζιιν
875 1756 915 1795 τι
933 1725 999 1798 τὸν
1019 1726 1204 1800 διδάσκαλον

390 1831 519 1920 νοΓχρὴ
541 1829 598 1916 γὰρ
620 1826 907 1897 ὕποθωπεύιιν
926 1858 961 1897 τι
978 1833 1048 1899 τόν
1066 1829 1261 1902 διδάσκαλοι.
1318 1903 1321 1906 .

421 1935 489 1996 Scis
511 1935 596 1995 enim
616 1935 793 2018 πιθηκίζειν
818 1946 848 1994 et
874 1929 1092 2002 ὖποθιοπεῦειν
1114 1937 1331 2018 Aristophanis

334 2041 432 2101 verba
460 2059 526 2100 esse
555 2058 612 2118 pro
641 2039 826 2096 munusculo
849 2036 986 2098 delinire.
1028 2038 1092 2101 Sed
1116 2061 1181 2100 nou
1202 2040 1332 2100 memini

275 2171 279 2180 ¹
334 2143 417 2203 hanc
447 2141 520 2201 artis
556 2134 718 2223 δεινότητα
753 2142 789 2200 in
822 2151 929 2202 vetere
965 2143 1125 2204 comoedia
1151 2144 1330 2203 obtinuisse.

334 2247 385 2305 Au
413 2242 580 2322 legendum
610 2253 646 2300 ut
678 2241 820 2302 Socrates
847 2244 1020 2319 audiverit,
1055 2245 1331 2329 ἔπιψωμίζειν

335 2347 411 2406 dare
432 2343 518 2427 quod
536 2343 698 2403 comedat?
740 2341 870 2404 Furinae
891 2347 976 2408 enim
1003 2348 1158 2412 sacculum
1181 2355 1247 2406 tum
1270 2345 1329 2405 So-

335 2451 414 2512 crati
440 2449 543 2509 donet
584 2447 658 2506 Non
684 2456 730 2506 est
758 2447 856 2507 otium
872 2459 918 2512 ,ut
938 2449 1101 2529 fugitivum
1128 2448 1209 2509 illud
1231 2449 1329 2528 quod-

335 2573 457 2633 cunque
479 2559 526 2611 est
550 2549 665 2610 diutius
690 2569 774 2612 nuno
798 2549 995 2630 investigem:
1026 2561 1080 2610 snt
1104 2561 1154 2626 tu,
1181 2560 1236 2610 aut
1260 2547 1329 2630 ipie

332 2659 471 2719 fortassis
496 2652 628 2734 posthac
652 2652 821 2713 inveniam.
863 2653 934 2734 Peg.
958 2651 1026 2712 116.
1059 2653 1231 2738 [v.1155.]
1261 2649 1328 2718 Αὖ-
1406 2649 1409 2656 ’

278 2742 286 2755 “
333 2760 384 2824 τοὶ
401 2755 453 2823 καὶ
470 2751 631 2840 τάρχαῖα
650 2753 702 2818 ναὶ
721 2749 809 2820 τόνοι
827 2746 934 2819 τόκων.
976 2755 1137 2816 Edeudum
1160 2757 1221 2816 erit
1239 2751 1326 2839 τᾶρ-

332 2870 436 2948 γάἰόι
480 2858 547 2920 Etsi
574 2858 656 2918 enim
679 2856 790 2918 Suidas
818 2857 853 2916 iu
874 2858 926 2938 scii
949 2851 1056 2943 ιιλᾴετι
1078 2857 1172 2919 habet
1195 2854 1328 2940 τάρχαῖα,

333 2974 367 3025 ot
395 2964 471 3023 alibi
496 2963 531 3021 in
559 2982 615 3020 suo
643 2961 723 3020 serie
754 2961 852 3040 (quod
880 2961 978 3024 multo
1001 2958 1100 3041 majus
1124 2957 1181 3042 est)
1207 2952 1334 3046 Ἆρχαῖα

321 3067 478 3152 ugnosoit.
523 3064 608 3126 ldem
629 3064 664 3124 in
685 3083 779 3124 versu
802 3071 950 3146 sequente
970 3056 1216 3148 ἕργᾶσαισθε
1236 3082 1328 3142 prse-

331 3169 409 3244 sert,
432 3190 496 3228 non
516 3163 760 3251 ἐργάσησθε,
788 3165 878 3246 γιατιί
898 3149 1057 3224 ἱιιῐοτεσι.χ
1077 3163 1193 3223 Eadem
1216 3165 1326 3245 pagins

335 3270 384 3356 [K.
406 3292 437 3336 v.
461 3269 550 3344 1176.
572 3303 613 3316 -
654 3267 704 3333 Βτ,
726 3289 755 3328 v.
779 3270 882 3346 1174]
904 3269 948 3328 sio
967 3287 1052 3330 nuuc
1071 3266 1202 3333 habetur
1288 3317 1290 3320 -

664 3401 707 3417 -—
728 3369 779 3435 ναὶ
799 3366 899 3434 δακεῖν

454 3470 620 3536 Ἀδικοῦντ’
648 3465 845 3547 ἀδικεῖσθαι,
884 3472 935 3537 καὶ
966 3465 1215 3558 κακουργοῦντ’
1248 3465 1324 3544 olis

681 3593 685 3597 ·
748 3567 817 3640 ὅτι.
850 3609 853 3620 ·

416 3682 457 3766 stt
478 3687 531 3738 sut
552 3677 632 3737 nihil
654 3677 762 3751 video,
793 3685 845 3736 aut
871 3679 941 3756 ipsu
960 3679 1033 3738 nive
1053 3675 1196 3756 frigidius
1219 3685 1266 3735 est
1283 3675 1323 3733 il-

331 3781 388 3844 lud
408 3776 629 3864 κακουργοῦντ’
652 3775 719 3843 οἶδ’
742 3773 799 3844 ὅτι.
843 3779 926 3852 Quid
948 3781 1033 3840 enim
1054 3779 1226 3838 sententiae
1248 3797 1323 3836 con-

330 3884 489 3948 fertiubi
509 3881 706 3942 antitheton?
727 3903 791 3942 non
811 3883 919 3944 erescit
939 3881 1107 3957 sententia,
1128 3880 1183 3942 sed
1200 3881 1324 3961 languet

333 3999 365 4048 et
389 3987 527 4063 labascit.
562 3983 636 4045 'Vix
651 3985 741 4046 *mihi
769 3997 925 4065 tempero,
940 3986 1029 4066 ‘quin
1057 3985 1103 4044 sio
1131 3985 1170 4043 ab
1187 3992 1324 4042 'auctore

333 4091 437 4149 datum
458 4089 665 4169 pronuntiem.
688 4120 731 4134 -
760 4087 825 4152 soi
846 4080 1216 4152 δοκσῑνἈδινοῦ·ντ’
1238 4081 1322 4150 ἄδι·

335 4192 515 4266 νεῖσθαι,
532 4191 596 4254 ναὶ
623 4191 837 4275 κακουργοῦντ’
860 4191 1047 4255 sinonis.
1077 4187 1181 4247 ‘Certe
1208 4189 1324 4248 autiss
