2918 5008
1091 341 1403 466 77

125 575 214 658 prius
243 584 291 639 est
315 573 425 656 judicii
453 573 578 650 abusus,
616 545 755 653 si'quis,
790 573 845 636 ubi
866 593 990 638 sensum
1013 579 1139 647 consuli

128 678 309 759 oportebat,
343 679 382 738 ab
404 677 523 759 judicio
544 677 698 737 auxilium
717 685 812 758 petat.
868 676 993 743 Est-illo
1013 701 1136 760 genere,
1198 662 1201 666 ⁴

126 781 212 861 quod
231 781 366 862 primum
384 783 493 862 posui,
515 801 564 840 res
586 791 658 841 sunt
678 779 860 852 historicae:
879 783 1041 865 inquibus
1060 803 1136 864 per-

126 885 334 964 vestigandis,
371 887 397 946 si
426 882 557 948 materia
585 885 686 944 omnis
707 866 859 970 ¹congesta
887 896 949 964 est,
989 887 1078 948 nulla
1099 908 1134 948 re

125 988 187 1048 nisi
215 988 334 1068 judicio
361 1009 439 1070 opus
467 998 521 1050 est.
565 986 666 1060 Quare
687 987 757 1062 has,
792 987 846 1068 qui
866 989 970 1049 omnia
990 991 1030 1050 ad
1048 989 1141 1084 judi·¹
1242 1017 1244 1034 ι

126 1089 221 1150 candi
251 1093 446 1154 severitatem
480 1101 647 1166 revocant,
684 1100 768 1150 recte
794 1094 979 1152 tractabunt.
1037 1092 1134 1172 quue

125 1193 304 1253 Bentleium
322 1193 358 1251 in
379 1192 644 1252 dissertationibus
662 1193 726 1251 illis
747 1193 940 1258 Phalarideis
956 1205 988 1256 et
1003 1195 1135 1276 epistola

66 1359 73 1380 ι
125 1296 167 1356 ad
189 1294 231 1354 lo.
254 1293 391 1354 Millium
413 1295 458 1354 sic
478 1295 588 1382 fecispe
609 1295 767 1371 videmus,
807 1305 843 1356 ut
864 1298 1040 1364 vinullum
1058 1320 1135 1379 per-

91 1415 92 1420 ’
123 1399 238 1458 sectius
261 1398 386 1477 cogitari
410 1398 484 1456 artis
513 1397 638 1457 criticae
665 1409 900 1458 monumentum
928 1403 1033 1480 possit.
1084 1399 1133 1462 Ad

15 1519 20 1526 '
126 1501 260 1560 alterum
288 1521 384 1580 genus
413 1502 599 1581 scriptorum
630 1510 771 1586 veterum
798 1501 1015 1581 interpretatio
1042 1513 1134 1584 atque

126 1603 303 1679 emendatio
330 1603 475 1683 pertinet.
530 1601 575 1666 Ea
596 1625 671 1664 vero
692 1605 833 1684 inprimis
855 1625 946 1664 sensu
967 1606 1023 1664 illo
1045 1603 1135 1666 indi-

123 1715 193 1787 get,
232 1707 286 1785 qui
317 1727 356 1765 ex
385 1705 524 1766 obscuris
546 1715 592 1766 est
611 1707 790 1767 notionibus
817 1708 1023 1786 compositus,
1058 1705 1145 1786 quas‘

125 1819 249 1869 attenta
266 1810 367 1890 operis
388 1807 533 1889 cujusque
555 1809 692 1870 lectione
719 1821 751 1870 et
777 1811 1050 1889 contemplatione
1063 1811 1132 1872 col.-

123 1913 259 1992 ligimus.
303 1911 365 1984 Qui
386 1933 493 1970 sensus
516 1931 609 1989 quum
630 1915 669 1973 ob
689 1913 723 1972 id
743 1913 863 1992 ipsum,
886 1914 968 1992 quod
987 1913 1131 1974 'obscuris

123 2016 305 2076 notionibus
327 2015 520 2090 continetur,
559 1997 646 2095 quasi
668 2015 797 2076 inarmis
819 2016 876 2090 sit,
912 2017 939 2075 si
961 2017 999 2076 ad
1019 2016 1133 2098 judicii
1176 1998 1186 2024 ’

124 2120 345 2178 strenuitatem
365 2113 579 2197 comparetur:
601 2117 695 2177 facile
719 2119 908 2178 obmutescat
927 2139 1053 2180 necesse
1075 2128 1131 2195 est,

123 2224 152 2282 si
173 2221 257 2302 quis,
288 2221 342 2305 ubi
358 2221 543 2280 examinare
559 2241 634 2281 eum
655 2221 759 2301 potius
780 2231 872 2301 atque
895 2223 1053 2303 explicare
1074 2220 1131 2282 de-

121 2325 229 2400 bebat,
253 2325 355 2383 statim
377 2343 444 2383 rem
464 2324 503 2384 ad
519 2325 649 2392 ¹rationis
670 2307 869 2384 subtilitatem
893 2325 1050 2400 traducat,
1073 2346 1128 2384 eo·
1149 2331 1169 2391 6

123 2447 187 2508 que
215 2425 455 2505 disputationem
484 2447 550 2486 non
581 2427 621 2488 ad
650 2426 699 2501 id,
737 2426 777 2486 ad
806 2411 902 2505 quod
918 2428 1133 2506 conveniebat,

123 2530 181 2589 sed
208 2528 247 2588 ad
276 2529 360 2588 aliud
388 2529 462 2608 quid
491 2521 640 2590 conferat.
689 2527 786 2607 quue
816 2528 955 2588 omnium
981 2529 1130 2588 facillime

121 2635 160 2693 in
186 2625 286 2712 poetii
315 2631 384 2691 fieri
412 2642 527 2712 potest:
568 2652 700 2712 quorum
726 2652 821 2710 quum
847 2633 947 2690 omnis
969 2632 1067 2690 oratio
1090 2631 1130 2708 ad

122 2745 248 2796 sensum
271 2735 384 2814 magis,
412 2755 504 2813 quam
528 2736 708 2795 adseveras
733 2734 880 2812 quasdam
903 2733 1055 2814 cogitandi
1076 2733 1147 2794 re?

122 2839 210 2920 gulas
233 2837 402 2917 composita
421 2831 481 2913 sit,
509 2849 575 2898 non
594 2848 677 2898 recte
700 2821 956 2916 interpretabitur
977 2858 1046 2913 eos,
1076 2837 1130 2916 qni

121 2942 222 3004 verba
243 2961 366 3016 eorum,
403 2950 559 3030 tamquam
584 2926 612 3000 si
637 2939 845 3000 mathematici
868 2949 921 2999 aut
948 2940 1129 3020 philosophi

123 3051 244 3117 essent,
269 3043 317 3102 ad
340 3044 486 3104 amussim
508 3045 627 3123 exigat,
659 3053 690 3102 et
712 3063 775 3102 nen
796 3042 898 3122 potius
925 3043 1000 3121 quid
1021 3063 1128 3101 sense-

120 3149 203 3223 rint,
228 3165 318 3224 quam
340 3147 412 3226 quid
434 3145 604 3226 argutando
628 3166 667 3205 ex
681 3145 813 3229 ⁴singulis
834 3143 938 3204 verbis
962 3145 1033 3204 elici
1054 3167 1128 3226 pos-

122 3251 179 3324 sit,
219 3243 404 3312 consideret.
460 3249 552 3320 Quod
584 3249 611 3306 si
644 3248 770 3333 hocin
804 3268 922 3328 genere
945 3249 1067 3328 qualem
1093 3270 1127 3309 se

121 3350 304 3434 praebuerit
320 3349 484 3414 ¹Bentleius
506 3351 672 3412 dicendum
693 3362 754 3428 est,
791 3351 903 3411 nullus,
918 3361 966 3412 est
986 3351 1127 3432 scriptor,

122 3475 218 3535 quem
246 3455 303 3514 ille
333 3455 584 3527 adnotationibus
614 3453 817 3532 instruxerit,
852 3455 926 3535 quin
946 3455 1128 3512 innumera·
1164 3455 1167 3461 ‘

122 3558 199 3619 bilia
225 3555 372 3616 exhibeat
402 3558 549 3637 exempla
576 3557 857 3635 disputationum,
882 3557 916 3616 in
937 3543 1048 3635 quibus
1069 3555 1128 3614 etsi

122 3660 325 3722 subtilitatem
359 3659 469 3740 judicii
503 3661 649 3721 admirari
688 3659 869 3735 debeamus,
917 3666 1021 3717 tamen
1061 3679 1127 3719 non

121 3765 274 3844 possimus
294 3783 359 3821 non
380 3765 509 3823 abusum
527 3764 591 3844 ejus
609 3761 847 3842 reprehendere.
890 3759 1012 3821 Etenim
1030 3781 1126 3840 quum
1151 3753 1153 3757 ’

121 3865 179 3925 ille
207 3865 357 3926 fervidius
384 3867 491 3926 omnia
518 3876 610 3946 atque
642 3867 726 3926 haud
755 3856 826 3924 rard
856 3865 948 3924 etiam
982 3864 1125 3944 cupidius

122 3979 319 4043 attrectaret,
347 3987 568 4048 saepenumero
590 3969 671 4030 elabi
693 3967 752 4028 sibi
774 3969 880 4048 passus
903 3977 948 4027 est
970 3987 1021 4040 ea,
1047 3987 1145 4058 quae¹

122 4073 149 4133 si
192 4072 473 4147 animadvertisset,
524 4073 615 4152 longe
652 4072 745 4130 aliter
778 4071 887 4132 fuisset
924 4069 1124 4150 judicaturus.

121 4173 202 4238 Nam
231 4177 288 4240 etsi
317 4195 408 4240 sensu
439 4176 512 4255 illo,
548 4194 640 4254 quem
667 4175 817 4251 diximus,
853 4175 980 4234 minime
1003 4173 1133 4234 carebat·
