2918 5008
335 413 380 490 86

338 593 437 656 multo
458 592 554 674 magia
584 591 743 652 communi
771 594 909 656 ammoni
937 595 1125 656 convenient
1154 605 1216 675 eat,
1250 619 1337 680 quam

338 699 545 758 ariatimara't:
566 705 602 755 ut
614 706 784 776 ¹appareat,
806 697 887 758 nihil
908 697 1090 760 mutandum
1110 697 1213 760 lusae.
1262 688 1265 702 ¹

504 797 582 860 llox
601 797 705 860 dedit:

466 904 522 982 qui
544 900 617 960 bam
638 899 784 962 vertendo
807 914 839 961 at
858 903 965 964 eadam
987 901 1268 984 scribendam,
1305 924 1341 966 aa

470 1007 604 1067 Graecia
624 1003 712 1064 donia
731 1007 869 1066 Latinae
883 1007 971 1092 facit
989 1027 1052 1068 aon
1072 1007 1176 1068 bonae.

337 1099 413 1182 »Ea
436 1110 570 1171 Graecia
590 1107 686 1168 boniet
746 1108 835 1185 Sic,“
865 1110 984 1191 inquit,
1022 1109 1194 1188 ‚‚Faernua:
1230 1109 1288 1172 aed
1305 1129 1340 1172 aa

279 1213 319 1274 ¹4
338 1215 459 1293 „priori
487 1213 593 1274 verani
618 1213 854 1292 apponendum:
887 1223 923 1272 ut
950 1214 1034 1274 infra
1061 1213 1097 1292 V,
1120 1232 1156 1292 2,
1181 1232 1233 1276 no.
1267 1219 1339 1295 qaia

338 1316 497 1393 ‚,involam
524 1319 560 1374 in
581 1313 757 1394 ,capillum
801 1315 911 1395 Neque
939 1320 1022 1376 enim
1053 1337 1123 1378 cum
1149 1318 1221 1378 viro
1254 1317 1338 1377 docto

338 1427 427 1490 „tam
445 1417 540 1480 facila
563 1417 765 1498 corripuerim
794 1418 945 1496 syllabam
972 1421 1243 1508 compositione,
1279 1429 1340 1480 tum

338 1529 474 1593 „natura
500 1521 663 1600 longam.“
703 1519 969 1601 Praepositionem
998 1523 1087 1582 istam
1115 1525 1213 1603 pn'ori
1240 1525 1340 1584 versui

307 1653 313 1671 κ
338 1613 402 1704 jam
424 1619 459 1682 G.
481 1621 673 1699 Fabricium,
711 1621 883 1700 Moratum,
913 1635 945 1714 et
965 1623 1044 1684 alios
1065 1622 1233 1702 ardinnae,
1270 1625 1341 1686 Rei-

337 1727 404 1786 ·niua
426 1727 595 1788 adnotavit.
639 1725 678 1786 Et
707 1725 742 1784 in
769 1725 818 1786 his
846 1727 972 1807 quidem
997 1727 1081 1786 nihil
1108 1738 1153 1787 est
1181 1729 1267 1809 quod
1285 1729 1341 1788 hoo

338 1828 496 1912 miremur.
546 1828 724 1889 Bentleium
747 1849 822 1889 vero
843 1830 1016 1905 nollemus,
1047 1840 1082 1890 ut
1101 1829 1197 1890 ilario
1220 1841 1342 1892 contra-

339 1931 476 2008 diceret,
502 1931 631 2008 fecisse,
662 1931 745 2011 quod
765 1932 896 2007 rectius,
924 1932 951 1990 ai
972 1931 1048 2011 quid
1067 1933 1179 2009 rideo,
1209 1955 1277 1993 non
1297 1935 1341 1994 fe-

339 2035 439 2098 cisset.
482 2025 684 2116 Exemplum,
710 2035 794 2113 quod
812 2034 916 2110 affert,
943 2035 1078 2094 alienum
1099 2045 1153 2096 eat.
1196 2036 1277 2096 Nam
1298 2038 1342 2096 ibi

340 2138 508 2198 cohaerent
544 2139 640 2199 verba
678 2137 835 2215 utriusque
875 2155 984 2198 versus
1026 2159 1089 2197 una
1127 2140 1341 2220 perpetuitate.

340 2239 401 2298 llio
426 2256 502 2300 vero
532 2240 743 2318 interpunctio
774 2248 823 2319 eat
846 2239 881 2296 in
908 2237 971 2298 fine
998 2254 1121 2317 versut,
1153 2252 1184 2302 et
1202 2263 1270 2302 non
1292 2265 1341 2304 co-

340 2338 473 2402 haerent
492 2340 605 2418 verba,
640 2349 675 2400 ut
695 2340 839 2420 ineptum
859 2341 961 2402 videri
983 2343 1108 2419 debeat,
1135 2341 1342 2426 praepositio-

340 2461 414 2505 nem
440 2443 550 2505 divelli
578 2444 617 2503 ab
646 2444 775 2502 nomine
808 2463 873 2503 auo.
926 2443 1017 2517 Quod
1049 2456 1151 2506 autem
1186 2449 1275 2508 a'ddit
1305 2451 1343 2510 de

341 2549 539 2628 correptione
569 2548 650 2628 ejus,
696 2547 732 2605 in
762 2566 799 2605 eo
829 2547 895 2626 ipae
926 2549 985 2608 sibi
1013 2561 1182 2629 repugnat,
1231 2552 1283 2630 qui
1311 2553 1343 2610 in

188 2687 223 2696 ,.
318 2643 449 2708 ·lleaut
471 2649 508 2726 ll,
528 2651 557 2727 la,
584 2667 632 2728 17.
669 2649 826 2710 admiserit
853 2648 934 2710 hanc
964 2654 1194 2733 correptionem
1222 2655 1258 2712 iu
1285 2654 1344 2714 hoc

341 2752 515 2812 trochaico:
1087 2785 1100 2814 s

468 2866 504 2914 ut
528 2873 566 2914 aa
592 2851 681 2939 illinc
710 2851 866 2914 commodo
895 2870 998 2916 meam
1025 2877 1239 2938 compararem
1261 2879 1343 2918 aom-

760 2957 893 3018 modam.

342 3049 381 3120 Et
401 3069 486 3120 recte
504 3071 587 3122 tane.
631 3051 720 3120 Unde
737 3061 937 3121 'scribendum
954 3071 1036 3137 erat,
1059 3063 1087 3121 ai
1106 3063 1230 3142 quidem
1253 3066 1344 3145 cignis

342 3163 525 3242 quibusdam
547 3173 578 3224 et
598 3165 680 3223 notia
701 3165 870 3224 indicanda
890 3165 1107 3246 pronunciatio
1131 3175 1186 3242 est,
1444 3147 1445 3150 Ἴ

469 3265 502 3326 ’a
526 3267 660 3326 Graecia
681 3262 767 3326 bonis
787 3270 925 3326 Latinae
935 3267 1020 3349 fecit
1041 3287 1103 3326 non
1120 3267 1226 3332 bonna

342 3357 461 3430 Eodem
495 3368 588 3438 modo
622 3368 717 3430 Ennii
743 3373 839 3432 verba
866 3370 1060 3451 disponenda
1086 3371 1235 3431 videntur
1264 3371 1345 3454 apud

342 3469 407 3532 Cio.
429 3471 469 3532 de
492 3469 548 3531 Or.
571 3469 593 3530 l.
615 3470 665 3529 45.

472 3593 602 3634 auarum
621 3588 725 3634 aarum
746 3571 878 3649 incerti,
914 3588 991 3654 'quoa
1013 3588 1068 3656 ago
1091 3591 1147 3656 ope
1167 3597 1239 3642 naeu
1275 3617 1277 3626 ‚

471 3675 502 3737 ’a
527 3681 653 3737 incertia
675 3691 792 3750 cartas,
817 3690 1029 3760 corapoteaqaa
1052 3679 1165 3738 concili

354 3859 355 3867 ἵ
471 3779 597 3839 dimitto
604 3805 617 3858 ι,
643 3793 680 3840 at
699 3802 737 3840 na
755 3801 806 3840 rac
825 3793 1089 3842 remeatremeat
1107 3779 1263 3842 turbidas.

342 3869 379 3941 ln
410 3872 512 3962 primo
539 3884 634 3966 hujus
662 3884 827 3964 fragmenti
856 3901 961 3962 versu,
997 3906 1091 3966 quum
1112 3887 1206 3964 vulgo
1227 3885 1347 3965 legatur

339 4001 411 4064 ⁴'aaran
447 4004 522 4066 ope,
565 3988 749 4048 mutandum
777 3989 870 4049 fuine
899 3988 1042 4048 ordinem
1073 3990 1243 4050 verborum
1269 3987 1348 4047 vidit

342 4089 434 4148 etiam
468 4083 535 4150 Car.
566 4085 720 4170 Reisigiua
750 4095 783 4151 in
812 4091 951 4172 Coniect.
985 4095 1020 4152 in
1056 4091 1210 4174 Aristoph.
1245 4091 1300 4152 lib.
1327 4089 1347 4148 l.

343 4203 372 4270 o
399 4207 447 4266 72·
