2906 5010
363 445 442 525 260

369 631 425 706 sti.
477 629 599 721 Quin,
626 651 669 702 nt
691 627 802 730 magis
827 629 1010 730 magisque
1036 629 1075 702 in
1104 651 1167 706 tuo
1187 657 1268 707 nete
1290 633 1359 726 sim,

284 759 545 855 289turinntes
570 764 695 842 Flacci
721 762 894 839 lectiones
922 791 965 840 ex
982 761 1114 842 codice
1140 767 1278 866 scripto
1294 770 1361 868 pol·

331 975 337 992 ,
368 899 508 996 licerit,
535 922 699 976 accurata
724 921 786 974 tna
805 923 915 998 opem
930 899 1197 978 describendas.
1248 905 1363 978 Enim·

369 1061 457 1113 vero
483 1037 531 1112 ob
559 1055 633 1120 tam
654 1034 833 1133 prolixam
857 1055 958 1108 tuam
983 1034 1263 1135 humanitatem,
1296 1067 1364 1114 non

371 1169 447 1247 dici
474 1189 614 1274 potest,
640 1187 749 1271 quam
771 1167 979 1246 devinctum
1005 1171 1074 1247 tibi
1090 1201 1149 1250 me
1175 1203 1220 1250 ac
1244 1175 1365 1249 obstri·

369 1331 471 1382 ctum
487 1305 646 1381 'habere
697 1303 800 1380 Scias
831 1325 970 1403 nutem,
1005 1306 1120 1383 amice
1149 1311 1365 1409 praestantis.

370 1445 479 1538 sime,
506 1466 566 1516 me
601 1438 763 1542 ejusdem
796 1439 1051 1515 Franekcriuni
1086 1441 1173 1516 libri
1197 1444 1363 1518 lectiones

372 1606 393 1652 e
419 1565 643 1653 bibliotheca
667 1573 864 1650 Franciana
885 1593 997 1650 emtas
1022 1604 1043 1650 a
1064 1575 1232 1653 Praesule
1252 1579 1364 1656 Elicu-

371 1719 412 1793 si·
431 1711 573 1792 dudum
599 1709 787 1786 hahuisse:
819 1735 908 1818 quas
933 1729 1053 1787 tamen
1077 1712 1312 1816 indiligenter
1329 1735 1364 1787 et

368 1845 616 1956 perfunctorie
642 1843 838 1946 descriptas
869 1871 943 1920 esse
970 1846 1054 1922 satis
1079 1847 1173 1923 mihi
1209 1876 1366 1949 comper·

369 2009 451 2061 tum
485 2003 547 2060 est
598 1979 679 2086 Tu,
712 1991 767 2054 sit
794 1979 892 2077 selo,
924 1981 1032 2084 longe
1065 1984 1189 2083 plures
1220 2005 1267 2060 ct.
1282 1982 1363 2058 fide·

371 2122 483 2196 liores
504 2115 591 2192 inde
614 2114 864 2217 depromeres:
886 2141 1005 2216 neque
1028 2139 1167 2214 tamen,
1189 2147 1276 2193 cum
1299 2144 1365 2192 me·

369 2253 482 2328 liores
505 2251 644 2352 aliquot
670 2248 826 2324 Codices
854 2253 1000 2328 aliunde
1024 2255 1093 2329 sim
1112 2243 1260 2351 nactus,
1287 2280 1364 2354 ope·

370 2415 431 2464 rae
456 2385 615 2488 pretium
637 2383 746 2462 fuerit
768 2405 803 2461 tc
833 2387 904 2466 isto
933 2389 1056 2464 labore
1084 2411 1120 2465 et
1143 2389 1264 2466 taedio
1290 2417 1364 2464 cru·

370 2524 469 2601 citri.
527 2523 571 2599 Si
603 2523 716 2624 ipsius
751 2521 899 2598 Codicis
940 2523 1060 2624 (quod
1099 2523 1366 2600 Anchersonius

359 2685 447 2746 huon
481 2651 671 2760 desperare
701 2657 823 2756 jussit)
853 2658 911 2734 vel
936 2658 1093 2734 biduum
1120 2656 1365 2734 tantummodo

368 2795 464 2871 mihi
504 2793 610 2896 copia
626 2871 631 2878 ,
647 2791 727 2868 ficri
749 2814 905 2895 0posset3
933 2783 1174 2870 =crediderim¹
1198 2793 1367 2896 equidem

369 2927 544 3006 nonnihil
567 2929 707 3004 fructus
725 2925 778 3003 'ad
795 2929 1006 3040 editionem
1015 2952 1175 3008 nostram
1187 2930 1279 3006 inde
1291 2955 1368 3030 per·
1389 2946 1396 2966 '

369 3085 576 3144 tenturum.
628 3063 706 3164 Ego
731 3065 830 3138 enim
859 3067 917 3144 rel
939 3091 983 3141 cr
1010 3065 1097 3164 ipsis
1118 3065 1238 3139 lituris
1261 3066 1367 3139 multa

371 3197 546 3298 expiscari
577 3225 739 3299 possem,
774 3225 867 3299 quae
896 3201 987 3275 alius
1013 3201 1167 3300 cujusvis
1197 3198 1371 3275 Animad-

371 3333 577 3410 rcrs'ionum
608 3361 772 3411 mearum
798 3336 904 3411 inscii
934 3358 971 3412 ct
998 3337 1127 3412 oculos
1155 3353 1190 3410 et
1214 3360 1369 3412 mentem

371 3468 494 3568 fugere
522 3487 576 3542 est
600 3495 752 3547 necesse.
805 3471 884 3569 Tu,
907 3471 1009 3573 quod
1029 3471 1229 3547 commodo
1242 3480 1367 3546 *tamen

371 3625 438 3679 tuo
458 3603 542 3697 fiat,
568 3604 776 3705 experieris,
801 3633 847 3680 an
872 3628 917 3681 cx
937 3607 1100 3682 claustris
1123 3607 1370 3686 Bibliothecae-

363 3737 487 3818 ·codcx
511 3717 580 3823 ille
601 3741 676 3822 huc
697 3744 836 3842 euolarc
862 3719 1017 3846 poterit„

341 4097 342 4100 Ν
436 4010 614 4086 comm
647 4011 697 4085 οι)
736 4003 889 4086 uicum
928 3985 1029 4088 ulain
1068 4036 1103 4090 er
1143 4016 1364 4114 magnificam

327 4145 328 4150 ’
370 4141 538 4258 Pollucis!
554 4143 752 4220 editionem
775 4149 895 4248 (cujus
922 4152 1105 4252 exemplar
1126 4150 1300 4226 continuo
1327 4164 1364 4218 ut
