2906 5010
1013 348 1085 446 ael

100 551 300 660 νρυπάνοις
322 575 423 664 pares
446 543 520 630 esse
544 555 649 630 facile
673 580 829 656 possent.
861 531 976 636 ‘Secu
1003 567 1086 635 142.

98 688 251 764 Platonis
277 715 398 775 versus
422 675 618 790 sic'digcre
645 712 681 766 et
698 693 828 788 scribe,

144 903 194 918 -·
209 858 417 952 -βούλει
437 853 548 949 τήνδε
570 881 631 933 σοι
652 859 819 950 πλεκτὴν
840 860 971 952 καθά,

145 991 295 1070 Κάπειύ
318 990 517 1070 ἆνελκύσω
540 1016 581 1071 σε
607 992 721 1094 δεῦρο
743 1039 795 1054 -
809 1039 861 1056 -
982 985 985 990 ’

98 1195 186 1270 Sect.
211 1201 294 1269 145.
329 1192 522 1269 Menandri
546 1223 666 1271 versus
690 1196 914 1274 Trochaicus
941 1220 1005 1292 est,
1020 1197 1091 1289 Ὧς

99 1323 191 1426 ἔγωγ’
213 1303 426 1432 ἀνειλόμην
445 1361 521 1406 που
540 1332 684 1432 σαυνίῳ
707 1332 973 1432 πεπληγμένος.
1032 1427 1034 1432 Ι

100 1461 172 1537 Jam
201 1493 286 1541 vero
319 1465 707 1567 insignemeuripidis
739 1469 858 1544 locum
893 1491 979 1546 sect.
1005 1475 1088 1543 145.

100 1623 221 1674 sanum
228 1658 239 1697 ‚
269 1603 308 1674 ni
330 1603 455 1696 fallor,
480 1602 554 1676 tibi·
572 1601 767 1678 exhibebo:
788 1665 791 1670 .

191 1817 245 1831 —
263 1811 310 1828 ·-
333 1771 408 1859 πᾶς
430 1767 472 1848 δὲ
494 1768 682 1872 φασγάνῳ

189 1903 431 2007 Ἑξηύὲριζεν
453 1903 547 1988 ὥστε
564 1905 727 2006 πύρινον
751 1901 910 2004 στάχυν,

193 2011 339 2138 Σπάύρ
361 2039 537 2118 κολούων
560 2039 767 2140 φασγάνου
789 2036 1039 2140 μελανδὲτου.

102 2242 202 2319 Nihil
224 2245 287 2320 hic
314 2227 438 2340 muto,
467 2244 537 2318 uisi
566 2245 670 2347 quod
699 2243 846 2342 σνάγυν
879 2243 1095 2343 addiderim,
1164 2255 1166 2263 ⁴

100 2379 305 2482 absorptum
316 2383 455 2458 scilicet
479 2410 499 2456 a
522 2375 694 2482 sequente
712 2385 802 2456 'voce
823 2381 965 2478 σπάθῃ.
1003 2384 1094 2458 Sen-

100 2518 243 2590 tentiam
261 2538 356 2590 recte
377 2517 473 2618 cepit
498 2516 797 2616 Jungermannus.
830 2515 989 2616 πύρινος
1004 2518 1093 2592 στά-
1108 2531 1184 2602 510
1294 2531 1299 2541 ’

92 2679 180 2747 χυς,
209 2657 315 2755 opica
342 2657 498 2726 triticea.
537 2652 750 2753 ἐξαθερίζω
775 2649 837 2726 hic
860 2674 913 2727 est
932 2650 1095 2752 ἀθέρας,
1127 2695 1131 2710 ·
1186 2727 1187 2730 ,
1261 2632 1266 2640 ¹

100 2791 241 2884 aristae,
260 2787 446 2884 detrunco‚
454 2786 611 2864 decutio.
636 2787 878 2877 Quidclarius
893 2787 1097 2864 certiusve?
1163 2795 1169 2800 ’

173 2993 375 3068 Sect.150.
412 2990 574 3091 Epistola
602 2991 650 3065 ad
678 2989 868 3065 Platonem
896 2991 936 3062 in
960 2991 1096 3063 mendo

101 3128 220 3202 cubat:
282 3131 332 3203 Οἱ
359 3133 443 3227 περὶ
457 3124 642 3227 Ἔραστον
662 3131 734 3202 καὶ
757 3125 953 3227 Κόρισκον
978 3125 1097 3202 Πλά-

103 3293 193 3344 τωνο
217 3262 501 3349 ἐπιστέλλοντες
539 3260 754 3362 γράφουσι,
786 3261 922 3353 Ληνὸν
947 3260 1098 3342 Ἀσσίαν

101 3401 164 3489 τῆς
204 3396 478 3500 Σαρκοςοάγου
517 3397 648 3501 λίθου.
700 3397 739 3474 Ὁ
764 3395 806 3474 dd
844 3381 1097 3498 Φερεκράνης.

101 3530 219 3608 Verba
240 3535 324 3628 illa,
356 3535 454 3624 Λρν.
471 3533 542 3610 Ἀσ.
571 3564 601 3609 τ.
630 3537 727 3632 Σαρ.
753 3537 787 3608 λ.
820 3552 903 3604 sunt
933 3558 979 3606 ex
1009 3532 1099 3629 Epi·

100 3671 208 3762 stola;
234 3669 377 3768 reliqua
408 3691 492 3743 sunt
516 3668 687 3742 Pollucis.
738 3666 887 3766 Dixerat
919 3664 981 3738 ille
1004 3666 1099 3739 iuter

100 3807 308 3910 σοροποιού
338 3793 575 3878 instrumenta
610 3827 685 3874 esse
724 3821 760 3874 et
790 3797 923 3891 ληνόν·
969 3802 1100 3900 probat

99 3944 170 4036 jam
208 3939 318 4038 hujus
356 3939 538 4040 Epistolae
570 3935 792 4014 auctoritate.
852 3933 997 4032 Quippe
1035 3935 1100 4035 qui

101 4076 225 4189 ληνὸν.
260 4074 408 4153 Ἀσσίαν
462 4075 747 4155 nominaverant,
797 4067 843 4141 de
891 4065 1017 4142 eadem
1062 4099 1101 4148 re
