2986 4980
337 403 393 488 ’²18

259 665 262 670 ,
337 597 412 672 tibi
446 595 589 672 tandm
606 615 797 697 gratesque
831 593 995 672 dicerent
1026 595 1188 700 Scaliger
1216 621 1255 680 et
1277 601 1348 678 Ca.

259 799 261 804 .
341 734 547 834 sanhnnus,
565 733 597 806 si
618 751 737 808 essent
757 732 982 832 superstites,
1011 733 1076 834 qui
1099 761 1187 836 pree
1210 739 1344 816 ceteris

280 947 284 954 ,
339 869 439 946 illius
460 863 965 970 temporiscnpiehenturlris
981 867 1136 951 deliciis.
1183 871 1344 974 serlum

339 1003 496 1096 deerunt
514 977 591 1094 ¹hnc
623 1023 837 1104 tempestate
865 1002 1044 1099 Hnetius,
1079 1007 1343 1107 spanhemius,

256 1197 260 1205 .
338 1139 493 1240 aliique,
531 1138 595 1238 qui
626 1157 689 1212 tua
720 1139 760 1212 in
784 1160 928 1214 nostras
958 1160 1053 1216 artes
1078 1143 1205 1218 merita
1232 1171 1343 1244 agno·

255 1339 260 1348 .
339 1295 441 1372 scent
459 1301 512 1349 nc
539 1271 816 1372 praedicabunt.
863 1274 985 1348 Simul
997 1299 1045 1348 ac
1072 1298 1214 1372 cetera,
1250 1305 1342 1380 qun·

337 1437 421 1484 rum
459 1434 561 1510 spem
591 1407 729 1502 fecisti,
775 1408 935 1504 miseris,
985 1433 1153 1512 erumpet
1188 1411 1340 1498 tandem

337 1543 585 1620 Callimachus
607 1543 645 1616 in
670 1543 748 1618 dies
769 1543 918 1616 luminis
943 1569 1076 1619 aures.=
1093 1545 1166 1622 Fac
1187 1574 1340 1648 quaeso,

337 1702 380 1757 ut
395 1705 514 1783 quem
540 1679 702 1780 primum
729 1675 871 1753 adnm
902 1657 1149 1779 perferentur,
1187 1682 1342 1761 nediu·

336 1817 423 1912 tius
444 1813 575 1915 gaudia
604 1813 818 1910 hominum,
853 1840 948 1915 quae
975 1821 1049 1914 jam
1070 1837 1339 1917 praeceperunt

273 1951 485 2046 unanimis,
506 1951 706 2026 moremur.
757 1949 879 2048 Spero
892 1949 961 2024 tibi
976 1946 1109 2024 tradita
1123 1976 1200 2026 esse
1217 1951 1337 2051 prime

334 2089 414 2164 (lun
423 2085 739 2186 Epigrammatnm
751 2083 851 2180 solia,
863 2110 957 2184 qnae
971 2091 1042 2184 jam
1057 2085 1154 2176 edite
1168 2087 1238 2160 tihi
1251 2087 1336 2160 misi

334 2220 521 2320 nuperius,
543 2243 628 2292 cum
645 2218 844 2317 specimine
859 2218 1115 2315 Menethnnis,
1139 2220 1242 2322 quod
1258 2241 1336 2298 tan·

334 2379 414 2434 tum
438 2351 540 2454 quod
563 2353 822 2436 exGermsnia
846 2355 995 2428 uriarum
1018 2355 1111 2430 mihi
1134 2376 1224 2452 erat,
1243 2383 1336 2430 :curn

332 2490 525 2592 epistolam
545 2487 643 2562 illam
660 2514 855 2564 excitarem.
886 2493 928 2564 In
943 2489 1044 2564 notis·
1055 2489 1269 2588 Spanhemii
1284 2491 1337 2566 vi·

333 2627 437 2702 debis
464 2625 569 2698 illum
597 2623 786 2722 collegisse
814 2623 928 2698 multe
950 2623 1101 2700 Pindari
1122 2625 1333 2722 fragmenta.

329 2763 373 2837 Si
402 2762 498 2836 forte
520 2760 583 2834 illa
609 2755 863 2833 desiderabitis
888 2757 934 2833 ad
962 2758 1183 2855 editionem,
1221 2739 1334 2863 quam

329 2895 430 2994 apud
444 2917 511 2970 vos
525 2893 718 2990 adornant,
742 2919 892 2993 operam
907 2892 1024 2993 dabo,
1049 2895 1251 2970 utillomm
1267 2922 1334 2970 vo·

327 3032 386 3106 his
401 3029 548 3128 copiam
561 3027 680 3104 faciat.
712 3025 800 3125 Ejus
814 3027 999 3104 lulianum
1014 3055 1100 3102 cum
1117 3028 1272 3132 cyrillo,
1293 3051 1332 3106 et
1378 3115 1380 3122 Α
1491 3033 1492 3052 ’

327 3165 425 3240 notis
446 3163 485 3238 in
503 3166 661 3261 primam
679 3157 813 3236 Juliani
834 3162 1052 3238 Orationem
1073 3157 1329 3238 eruditissimis

144 3321 147 3328 ·
271 3373 273 3378 ,
327 3297 456 3398 accepi
484 3321 620 3395 paucos
655 3317 740 3374 ante
759 3297 862 3372 ,dien
922 3289 1170 3400 Conqueritur
1198 3299 1244 3372 de
1274 3319 1330 3401 ry-

208 3533 210 3540 ,
325 3431 612 3534 pographnrum,
646 3432 813 3528 avaritia,
861 3431 933 3534 qui
973 3432 1176 3533 cupiditate
1213 3432 1330 3527 pimin

325 3567 421 3643 lucri
440 3567 637 3648 noluerunt
663 3567 877 3644 editionem.
891 3567 1058 3664 differre3
1089 3567 1210 3646 donec
1228 3596 1329 3669 ¹qnae

325 3702 366 3776 iu
395 3722 536 3782 ceteros
573 3700 712 3778 luliani
739 3721 776 3776 et
809 3701 936 3804 Oyrilli
965 3703 1079 3778 libros
1105 3703 1327 3798 observarat,
1363 3799 1367 3806 Ι

327 3857 445 3914 essent
465 3838 684 3945 concinnata
703 3858 741 3914 et
762 3838 857 3940 typis
873 3837 1142 3918 mandarentur.
1163 3817 1167 3824 ⁵
1183 3836 1328 3937 Accepi

325 3974 435 4048 etiam
456 3971 666 4052 thesaurum
690 3971 1101 4082 Brandenburgensium
1122 3972 1330 4072 Antiquita-

327 4131 425 4203 tum,
457 4105 497 4190 in
521 4133 597 4216 qun
619 4108 843 4192 multarunt
860 4108 1010 4207 ,egregia
1035 4105 1174 4190 vetusta
1194 4133 1328 4184 monu-
