<?xml version="1.0" encoding="UTF-8"?>
<!DOCTYPE html PUBLIC "-//W3C//DTD XHTML 1.0 Transitional//EN"
    "http://www.w3.org/TR/xhtml1/DTD/xhtml1-transitional.dtd">
<html xmlns="http://www.w3.org/1999/xhtml" xml:lang="en" lang="en">
 <head>
  <title>
</title>
<meta http-equiv="Content-Type" content="text/html;charset=utf-8" />
  <meta name='ocr-system' content='tesseract 3.04.00' />
  <meta name='ocr-capabilities' content='ocr_page ocr_carea ocr_par ocr_line ocrx_word'/>
</head>
<body>
  <div class='ocr_page' id='page_1' title='image "./richardibentlei00hermgoog_0036.png"; bbox 0 0 2986 4980; ppageno 0'>
   <div class='ocr_carea' id='block_1_1' title="bbox 342 400 390 474">
    <p class='ocr_par' dir='ltr' id='par_1_1' title="bbox 342 400 390 474">
     <span class='ocr_line' id='line_1_1' title="bbox 342 400 390 474; baseline 0.042 -2"><span class='ocrx_word' id='word_1_1' title='bbox 342 400 390 474; x_wconf 88' lang='grc'><strong>10</strong></span> 
     </span>
    </p>
   </div>
   <div class='ocr_carea' id='block_1_2' title="bbox 336 587 1344 1097">
    <p class='ocr_par' dir='ltr' id='par_1_2' title="bbox 336 587 1344 1097">
     <span class='ocr_line' id='line_1_2' title="bbox 415 587 1344 689; baseline 0.005 -27"><span class='ocrx_word' id='word_1_2' title='bbox 415 587 501 672; x_wconf 80' lang='lat' dir='ltr'><strong>Non</strong></span> <span class='ocrx_word' id='word_1_3' title='bbox 524 617 615 689; x_wconf 83' lang='lat' dir='ltr'><strong>opus</strong></span> <span class='ocrx_word' id='word_1_4' title='bbox 639 609 710 680; x_wconf 84' lang='lat' dir='ltr'><strong>est,</strong></span> <span class='ocrx_word' id='word_1_5' title='bbox 734 609 775 660; x_wconf 91' lang='lat' dir='ltr'><strong>ut</strong></span> <span class='ocrx_word' id='word_1_6' title='bbox 797 587 924 661; x_wconf 85' lang='lat' dir='ltr'><strong>Huetii</strong></span> <span class='ocrx_word' id='word_1_7' title='bbox 947 610 982 662; x_wconf 87' lang='lat' dir='ltr'><strong>et</strong></span> <span class='ocrx_word' id='word_1_8' title='bbox 1004 590 1138 664; x_wconf 86' lang='lat' dir='ltr'><strong>Fabrae</strong></span> <span class='ocrx_word' id='word_1_9' title='bbox 1160 597 1344 688; x_wconf 74' lang='lat' dir='ltr'><strong>conjectu·</strong></span> 
     </span>
     <span class='ocr_line' id='line_1_3' title="bbox 338 721 1343 816; baseline 0.002 -14"><span class='ocrx_word' id='word_1_10' title='bbox 338 753 394 802; x_wconf 80' lang='lat' dir='ltr'><strong>ras</strong></span> <span class='ocrx_word' id='word_1_11' title='bbox 419 723 488 800; x_wconf 88' lang='lat' dir='ltr'><strong>tibi</strong></span> <span class='ocrx_word' id='word_1_12' title='bbox 520 725 692 816; x_wconf 77' lang='lat' dir='ltr'><strong>referam,</strong></span> <span class='ocrx_word' id='word_1_13' title='bbox 732 723 792 796; x_wconf 90' lang='lat' dir='ltr'><strong>cui</strong></span> <span class='ocrx_word' id='word_1_14' title='bbox 827 722 903 798; x_wconf 80' lang='lat' dir='ltr'><strong>sine</strong></span> <span class='ocrx_word' id='word_1_15' title='bbox 929 721 1044 800; x_wconf 86' lang='lat' dir='ltr'><strong>dubio</strong></span> <span class='ocrx_word' id='word_1_16' title='bbox 1076 726 1169 800; x_wconf 87' lang='lat' dir='ltr'><strong>liber</strong></span> <span class='ocrx_word' id='word_1_17' title='bbox 1205 750 1258 802; x_wconf 85' lang='lat' dir='ltr'><strong>est</strong></span> <span class='ocrx_word' id='word_1_18' title='bbox 1294 731 1343 804; x_wconf 92' lang='lat' dir='ltr'><strong>ad</strong></span> 
     </span>
     <span class='ocr_line' id='line_1_4' title="bbox 336 856 1341 962; baseline 0.002 -27"><span class='ocrx_word' id='word_1_19' title='bbox 336 889 498 941; x_wconf 77' lang='lat' dir='ltr'><strong>manum.</strong></span> <span class='ocrx_word' id='word_1_20' title='bbox 545 856 720 934; x_wconf 83' lang='lat' dir='ltr'><strong>Indicabo</strong></span> <span class='ocrx_word' id='word_1_21' title='bbox 743 857 1009 955; x_wconf 88' lang='lat' dir='ltr'><strong>tantummodo,</strong></span> <span class='ocrx_word' id='word_1_22' title='bbox 1035 886 1112 959; x_wconf 91' lang='lat' dir='ltr'><strong>quo</strong></span> <span class='ocrx_word' id='word_1_23' title='bbox 1133 861 1210 962; x_wconf 85' lang='lat' dir='ltr'><strong>ipse</strong></span> <span class='ocrx_word' id='word_1_24' title='bbox 1229 864 1341 940; x_wconf 91' lang='lat' dir='ltr'><strong>modo</strong></span> 
     </span>
     <span class='ocr_line' id='line_1_5' title="bbox 337 992 1206 1097; baseline 0 -27"><span class='ocrx_word' id='word_1_25' title='bbox 337 998 460 1072; x_wconf 87' lang='lat' dir='ltr'><strong>locum</strong></span> <span class='ocrx_word' id='word_1_26' title='bbox 484 992 739 1096; x_wconf 83' lang='lat' dir='ltr'><strong>corrigendum</strong></span> <span class='ocrx_word' id='word_1_27' title='bbox 762 1020 907 1072; x_wconf 86' lang='lat' dir='ltr'><strong>censeo.</strong></span> <span class='ocrx_word' id='word_1_28' title='bbox 959 1001 1083 1096; x_wconf 86' lang='lat' dir='ltr'><strong>Itaque</strong></span> <span class='ocrx_word' id='word_1_29' title='bbox 1108 997 1206 1097; x_wconf 81' lang='lat' dir='ltr'><strong>lego:</strong></span> 
     </span>
    </p>
   </div>
   <div class='ocr_carea' id='block_1_3' title="bbox 285 1233 1342 1616">
    <p class='ocr_par' dir='ltr' id='par_1_3' title="bbox 285 1233 1342 1616">
     <span class='ocr_line' id='line_1_6' title="bbox 382 1233 1338 1332; baseline 0.001 -20"><span class='ocrx_word' id='word_1_30' title='bbox 382 1233 423 1312; x_wconf 82' lang='lat' dir='ltr'><strong>‘O</strong></span> <span class='ocrx_word' id='word_1_31' title='bbox 441 1233 617 1324; x_wconf 79' lang='grc' dir='ltr'><em>Λύκτιος</em></span> <span class='ocrx_word' id='word_1_32' title='bbox 632 1235 827 1322; x_wconf 78' lang='grc' dir='ltr'><strong><em>Μενοίτας</em></strong></span> <span class='ocrx_word' id='word_1_33' title='bbox 835 1233 894 1309; x_wconf 78' lang='grc' dir='ltr'><strong>’τὰ</strong></span> <span class='ocrx_word' id='word_1_34' title='bbox 914 1235 1011 1320; x_wconf 78' lang='grc' dir='ltr'><em>τόξα</em></span> <span class='ocrx_word' id='word_1_35' title='bbox 1024 1233 1145 1328; x_wconf 77' lang='grc' dir='ltr'><strong><em>ταῦτ’,</em></strong></span> <span class='ocrx_word' id='word_1_36' title='bbox 1170 1237 1338 1332; x_wconf 76' lang='grc' dir='ltr'><strong><em>ἐπειπὼν,</em></strong></span> 
     </span>
     <span class='ocr_line' id='line_1_7' title="bbox 293 1367 1342 1473; baseline 0.004 -29"><span class='ocrx_word' id='word_1_37' title='bbox 293 1441 294 1444; x_wconf 74' lang='grc'>,</span> <span class='ocrx_word' id='word_1_38' title='bbox 375 1367 537 1460; x_wconf 54' lang='grc' dir='ltr'><em>Ἔθηκε·</em></span> <span class='ocrx_word' id='word_1_39' title='bbox 578 1371 643 1463; x_wconf 57' lang='lat' dir='ltr'><strong>Ti,</strong></span> <span class='ocrx_word' id='word_1_40' title='bbox 667 1367 785 1472; x_wconf 81' lang='grc' dir='ltr'><strong><em>κέρας</em></strong></span> <span class='ocrx_word' id='word_1_41' title='bbox 808 1399 869 1446; x_wconf 78' lang='grc' dir='ltr'><strong>τοι</strong></span> <span class='ocrx_word' id='word_1_42' title='bbox 889 1367 1027 1468; x_wconf 81' lang='grc' dir='ltr'><em>δίδωμι</em></span> <span class='ocrx_word' id='word_1_43' title='bbox 1045 1377 1116 1446; x_wconf 81' lang='grc' dir='ltr'><strong>καὶ</strong></span> <span class='ocrx_word' id='word_1_44' title='bbox 1131 1371 1342 1473; x_wconf 73' lang='grc' dir='ltr'><em>φαρέτρην,</em></span> 
     </span>
     <span class='ocr_line' id='line_1_8' title="bbox 285 1501 1317 1616; baseline 0.002 -34"><span class='ocrx_word' id='word_1_45' title='bbox 285 1605 289 1616; x_wconf 32' lang='grc'>.</span> <span class='ocrx_word' id='word_1_46' title='bbox 389 1502 564 1606; x_wconf 67' lang='lat' dir='ltr'><strong>Stipant·</strong></span> <span class='ocrx_word' id='word_1_47' title='bbox 606 1506 697 1595; x_wconf 77' lang='grc' dir='ltr'><strong>τούς</strong></span> <span class='ocrx_word' id='word_1_48' title='bbox 718 1502 909 1594; x_wconf 74' lang='grc' dir='ltr'><em>δ’ὀϊστούς</em></span> <span class='ocrx_word' id='word_1_49' title='bbox 928 1501 1080 1609; x_wconf 67' lang='grc' dir='ltr'><em>ἔχουσιν</em></span> <span class='ocrx_word' id='word_1_50' title='bbox 1096 1504 1317 1609; x_wconf 82' lang='grc' dir='ltr'><em>Ἑσπερῖται.</em></span> 
     </span>
    </p>
   </div>
   <div class='ocr_carea' id='block_1_4' title="bbox 269 1809 1411 4071">
    <p class='ocr_par' dir='ltr' id='par_1_4' title="bbox 277 1809 1411 3534">
     <span class='ocr_line' id='line_1_9' title="bbox 277 1809 1336 1916; baseline 0.002 -28"><span class='ocrx_word' id='word_1_51' title='bbox 277 1837 321 1892; x_wconf 71' lang='lat'><strong>12</strong></span> <span class='ocrx_word' id='word_1_52' title='bbox 414 1815 478 1906; x_wconf 85' lang='grc' dir='ltr'><strong>Τῆ,</strong></span> <span class='ocrx_word' id='word_1_53' title='bbox 503 1816 528 1887; x_wconf 88' lang='lat' dir='ltr'><strong>i.</strong></span> <span class='ocrx_word' id='word_1_54' title='bbox 549 1840 580 1890; x_wconf 88' lang='lat' dir='ltr'><strong>e.</strong></span> <span class='ocrx_word' id='word_1_55' title='bbox 605 1841 712 1916; x_wconf 87' lang='lat' dir='ltr'><strong>cape,</strong></span> <span class='ocrx_word' id='word_1_56' title='bbox 742 1837 783 1891; x_wconf 90' lang='lat' dir='ltr'><strong>ut</strong></span> <span class='ocrx_word' id='word_1_57' title='bbox 812 1817 863 1908; x_wconf 68' lang='lat'><strong>2²17</strong></span> <span class='ocrx_word' id='word_1_58' title='bbox 870 1873 882 1908; x_wconf 91' lang='lat'><strong><em>,</em></strong></span> <span class='ocrx_word' id='word_1_59' title='bbox 909 1815 1106 1909; x_wconf 72' lang='grc' dir='ltr'><strong><em>Κύκλωψ,</em></strong></span> <span class='ocrx_word' id='word_1_60' title='bbox 1134 1815 1194 1892; x_wconf 81' lang='grc' dir='ltr'><strong>πίε</strong></span> <span class='ocrx_word' id='word_1_61' title='bbox 1216 1809 1336 1910; x_wconf 80' lang='grc' dir='ltr'><strong><em>οἶνον,</em></strong></span> 
     </span>
     <span class='ocr_line' id='line_1_10' title="bbox 335 1947 1338 2052; baseline 0 -28"><span class='ocrx_word' id='word_1_62' title='bbox 335 1971 372 2024; x_wconf 88' lang='lat' dir='ltr'><strong>et</strong></span> <span class='ocrx_word' id='word_1_63' title='bbox 398 1951 443 2040; x_wconf 80' lang='grc' dir='ltr'><strong>τῆ</strong></span> <span class='ocrx_word' id='word_1_64' title='bbox 471 1950 613 2026; x_wconf 75' lang='grc' dir='ltr'><strong><em>τοῦτον</em></strong></span> <span class='ocrx_word' id='word_1_65' title='bbox 638 1948 797 2050; x_wconf 73' lang='grc' dir='ltr'><em>ἱμάντα.</em></span> <span class='ocrx_word' id='word_1_66' title='bbox 848 1949 966 2052; x_wconf 80' lang='grc' dir='ltr'><strong><em>κέρας</em></strong></span> <span class='ocrx_word' id='word_1_67' title='bbox 989 1969 1108 2022; x_wconf 85' lang='lat' dir='ltr'><strong>autem</strong></span> <span class='ocrx_word' id='word_1_68' title='bbox 1138 1947 1181 2024; x_wconf 78' lang='grc' dir='ltr'><strong>τὸ</strong></span> <span class='ocrx_word' id='word_1_69' title='bbox 1212 1949 1338 2036; x_wconf 79' lang='grc' dir='ltr'><strong><em>τόξον.</em></strong></span> 
     </span>
     <span class='ocr_line' id='line_1_11' title="bbox 335 2083 1338 2184; baseline -0.002 -26"><span class='ocrx_word' id='word_1_70' title='bbox 335 2086 483 2178; x_wconf 85' lang='lat' dir='ltr'><strong>Arcum,</strong></span> <span class='ocrx_word' id='word_1_71' title='bbox 507 2085 629 2182; x_wconf 89' lang='lat' dir='ltr'><strong>inquit</strong></span> <span class='ocrx_word' id='word_1_72' title='bbox 651 2091 836 2160; x_wconf 86' lang='lat' dir='ltr'><strong>Menoetes</strong></span> <span class='ocrx_word' id='word_1_73' title='bbox 857 2085 961 2180; x_wconf 83' lang='lat' dir='ltr'>Cres,</span> <span class='ocrx_word' id='word_1_74' title='bbox 986 2105 1021 2159; x_wconf 92' lang='lat' dir='ltr'><strong>et</strong></span> <span class='ocrx_word' id='word_1_75' title='bbox 1044 2083 1249 2184; x_wconf 78' lang='lat' dir='ltr'><strong>pharetram</strong></span> <span class='ocrx_word' id='word_1_76' title='bbox 1268 2085 1338 2157; x_wconf 91' lang='lat' dir='ltr'><strong>tihi</strong></span> 
     </span>
     <span class='ocr_line' id='line_1_12' title="bbox 336 2217 1338 2320; baseline -0.001 -28"><span class='ocrx_word' id='word_1_77' title='bbox 336 2217 485 2312; x_wconf 74' lang='lat' dir='ltr'><strong>dodim,</strong></span> <span class='ocrx_word' id='word_1_78' title='bbox 528 2218 727 2319; x_wconf 85' lang='lat' dir='ltr'><strong>OSarapi:</strong></span> <span class='ocrx_word' id='word_1_79' title='bbox 761 2219 901 2320; x_wconf 80' lang='lat' dir='ltr'><strong>sagittas</strong></span> <span class='ocrx_word' id='word_1_80' title='bbox 931 2247 1014 2294; x_wconf 88' lang='lat' dir='ltr'><strong>vero</strong></span> <span class='ocrx_word' id='word_1_81' title='bbox 1050 2245 1211 2316; x_wconf 87' lang='lat' dir='ltr'><strong>nequeo;</strong></span> <span class='ocrx_word' id='word_1_82' title='bbox 1252 2247 1338 2292; x_wconf 87' lang='lat' dir='ltr'><strong>cum</strong></span> 
     </span>
     <span class='ocr_line' id='line_1_13' title="bbox 335 2353 1411 2454; baseline -0.001 -25"><span class='ocrx_word' id='word_1_83' title='bbox 335 2353 559 2452; x_wconf 80' lang='lat' dir='ltr'><strong>Hesperitae&#39;</strong></span> <span class='ocrx_word' id='word_1_84' title='bbox 582 2379 639 2426; x_wconf 82' lang='lat' dir='ltr'><strong>eas</strong></span> <span class='ocrx_word' id='word_1_85' title='bbox 664 2353 839 2449; x_wconf 81' lang='lat' dir='ltr'><strong>habeant,</strong></span> <span class='ocrx_word' id='word_1_86' title='bbox 888 2355 1026 2450; x_wconf 86' lang='lat' dir='ltr'><strong>(hostes</strong></span> <span class='ocrx_word' id='word_1_87' title='bbox 1049 2353 1203 2447; x_wconf 84' lang='lat' dir='ltr'><strong>scilicet,</strong></span> <span class='ocrx_word' id='word_1_88' title='bbox 1245 2383 1337 2454; x_wconf 88' lang='lat' dir='ltr'><strong>quos</strong></span> <span class='ocrx_word' id='word_1_89' title='bbox 1406 2368 1411 2380; x_wconf 93' lang='grc'>’</span> 
     </span>
     <span class='ocr_line' id='line_1_14' title="bbox 334 2487 1338 2589; baseline -0.006 -21"><span class='ocrx_word' id='word_1_90' title='bbox 334 2487 403 2568; x_wconf 78' lang='lat' dir='ltr'><strong>ille</strong></span> <span class='ocrx_word' id='word_1_91' title='bbox 420 2488 554 2587; x_wconf 83' lang='lat' dir='ltr'><strong>sagittis</strong></span> <span class='ocrx_word' id='word_1_92' title='bbox 577 2491 802 2589; x_wconf 84' lang='lat' dir='ltr'><strong>confixerat).</strong></span> <span class='ocrx_word' id='word_1_93' title='bbox 853 2489 1013 2588; x_wconf 88' lang='lat' dir='ltr'><strong>Quinam</strong></span> <span class='ocrx_word' id='word_1_94' title='bbox 1034 2513 1145 2588; x_wconf 88' lang='lat' dir='ltr'><strong>porro</strong></span> <span class='ocrx_word' id='word_1_95' title='bbox 1169 2489 1241 2561; x_wconf 87' lang='lat' dir='ltr'><strong>sint</strong></span> <span class='ocrx_word' id='word_1_96' title='bbox 1263 2489 1338 2562; x_wconf 81' lang='lat' dir='ltr'><strong>He·</strong></span> 
     </span>
     <span class='ocr_line' id='line_1_15' title="bbox 335 2604 1335 2726; baseline -0.001 -28"><span class='ocrx_word' id='word_1_97' title='bbox 335 2623 506 2726; x_wconf 81' lang='lat' dir='ltr'><strong>speritate,</strong></span> <span class='ocrx_word' id='word_1_98' title='bbox 552 2621 659 2698; x_wconf 89' lang='lat' dir='ltr'><strong>docet</strong></span> <span class='ocrx_word' id='word_1_99' title='bbox 687 2623 893 2724; x_wconf 83' lang='lat' dir='ltr'><strong>Stephanus</strong></span> <span class='ocrx_word' id='word_1_100' title='bbox 924 2604 1131 2724; x_wconf 83' lang='lat' dir='ltr'><strong>Byzantius:</strong></span> <span class='ocrx_word' id='word_1_101' title='bbox 1162 2621 1335 2724; x_wconf 72' lang='grc' dir='ltr'><strong>Ἑσπερὶς,</strong></span> 
     </span>
     <span class='ocr_line' id='line_1_16' title="bbox 334 2739 1338 2868; baseline -0.002 -32"><span class='ocrx_word' id='word_1_102' title='bbox 334 2739 444 2868; x_wconf 62' lang='grc' dir='ltr'><strong><em>πόλις</em></strong></span> <span class='ocrx_word' id='word_1_103' title='bbox 454 2757 624 2852; x_wconf 74' lang='grc' dir='ltr'><strong><em>Λιβύης,</em></strong></span> <span class='ocrx_word' id='word_1_104' title='bbox 648 2757 758 2852; x_wconf 79' lang='grc' dir='ltr'><strong>ἤνῦν</strong></span> <span class='ocrx_word' id='word_1_105' title='bbox 770 2759 971 2860; x_wconf 79' lang='grc' dir='ltr'><em>Βερονίκη.</em></span> <span class='ocrx_word' id='word_1_106' title='bbox 997 2757 1199 2850; x_wconf 81' lang='grc' dir='ltr'><em>ὃπολίτης,</em></span> <span class='ocrx_word' id='word_1_107' title='bbox 1216 2757 1338 2834; x_wconf 76' lang='grc' dir='ltr'><em>Ἑσπε-</em></span> 
     </span>
     <span class='ocr_line' id='line_1_17' title="bbox 334 2892 1335 2996; baseline -0.008 -22"><span class='ocrx_word' id='word_1_108' title='bbox 334 2894 449 2996; x_wconf 81' lang='grc' dir='ltr'><strong><em>ρίτης.</em></strong></span> <span class='ocrx_word' id='word_1_109' title='bbox 479 2893 742 2996; x_wconf 79' lang='grc' dir='ltr'><em>’Καλλίμαχος</em></span> <span class='ocrx_word' id='word_1_110' title='bbox 762 2899 805 2970; x_wconf 83' lang='grc' dir='ltr'><strong>ἐν</strong></span> <span class='ocrx_word' id='word_1_111' title='bbox 825 2905 905 2982; x_wconf 82' lang='grc' dir='ltr'><em>τοῖς</em></span> <span class='ocrx_word' id='word_1_112' title='bbox 913 2893 1205 2994; x_wconf 75' lang='grc' dir='ltr'><strong>Ὲτιγράμμασι.</strong></span> <span class='ocrx_word' id='word_1_113' title='bbox 1245 2892 1335 2968; x_wconf 85' lang='grc' dir='ltr'><strong>ΝοΙί</strong></span> 
     </span>
     <span class='ocr_line' id='line_1_18' title="bbox 335 3028 1334 3130; baseline 0.001 -29"><span class='ocrx_word' id='word_1_114' title='bbox 335 3028 512 3122; x_wconf 87' lang='lat' dir='ltr'><strong>dubitare,</strong></span> <span class='ocrx_word' id='word_1_115' title='bbox 535 3030 628 3128; x_wconf 85' lang='lat' dir='ltr'><strong>quin</strong></span> <span class='ocrx_word' id='word_1_116' title='bbox 650 3029 722 3104; x_wconf 89' lang='lat' dir='ltr'><strong>hoc</strong></span> <span class='ocrx_word' id='word_1_117' title='bbox 741 3030 860 3129; x_wconf 89' lang='lat' dir='ltr'><strong>ipsum</strong></span> <span class='ocrx_word' id='word_1_118' title='bbox 884 3029 1111 3130; x_wconf 83' lang='lat' dir='ltr'><strong>Epigramma</strong></span> <span class='ocrx_word' id='word_1_119' title='bbox 1131 3028 1172 3100; x_wconf 88' lang='lat' dir='ltr'><strong>in</strong></span> <span class='ocrx_word' id='word_1_120' title='bbox 1193 3028 1334 3126; x_wconf 82' lang='lat' dir='ltr'><strong>integro</strong></span> 
     </span>
     <span class='ocr_line' id='line_1_19' title="bbox 334 3162 1335 3264; baseline -0.002 -26"><span class='ocrx_word' id='word_1_121' title='bbox 334 3162 513 3262; x_wconf 83' lang='lat' dir='ltr'><strong>Stephani</strong></span> <span class='ocrx_word' id='word_1_122' title='bbox 551 3174 660 3264; x_wconf 76' lang='lat' dir='ltr'><strong>opere</strong></span> <span class='ocrx_word' id='word_1_123' title='bbox 704 3163 768 3236; x_wconf 84' lang='lat' dir='ltr'><strong>hie</strong></span> <span class='ocrx_word' id='word_1_124' title='bbox 797 3162 980 3237; x_wconf 88' lang='lat' dir='ltr'><strong>laudatum</strong></span> <span class='ocrx_word' id='word_1_125' title='bbox 1016 3164 1135 3237; x_wconf 84' lang='lat' dir='ltr'><strong>fuerit.</strong></span> <span class='ocrx_word' id='word_1_126' title='bbox 1207 3167 1335 3260; x_wconf 83' lang='lat' dir='ltr'><strong>Itaque</strong></span> 
     </span>
     <span class='ocr_line' id='line_1_20' title="bbox 335 3296 1340 3398; baseline -0.005 -27"><span class='ocrx_word' id='word_1_127' title='bbox 335 3297 456 3378; x_wconf 87' lang='lat' dir='ltr'><strong>omnia</strong></span> <span class='ocrx_word' id='word_1_128' title='bbox 485 3319 558 3374; x_wconf 87' lang='lat' dir='ltr'><strong>tarn</strong></span> <span class='ocrx_word' id='word_1_129' title='bbox 585 3296 778 3398; x_wconf 79' lang='lat' dir='ltr'><strong>perspieue</strong></span> <span class='ocrx_word' id='word_1_130' title='bbox 807 3300 966 3373; x_wconf 86' lang='lat' dir='ltr'><strong>restituta</strong></span> <span class='ocrx_word' id='word_1_131' title='bbox 997 3321 1097 3396; x_wconf 86' lang='lat' dir='ltr'><strong>sunt,</strong></span> <span class='ocrx_word' id='word_1_132' title='bbox 1139 3319 1180 3372; x_wconf 92' lang='lat' dir='ltr'><strong>ut</strong></span> <span class='ocrx_word' id='word_1_133' title='bbox 1211 3297 1340 3370; x_wconf 88' lang='lat' dir='ltr'><strong>nullus.</strong></span> 
     </span>
     <span class='ocr_line' id='line_1_21' title="bbox 336 3429 1335 3534; baseline 0 -30"><span class='ocrx_word' id='word_1_134' title='bbox 336 3429 554 3509; x_wconf 83' lang='lat' dir='ltr'><strong>dubitationi</strong></span> <span class='ocrx_word' id='word_1_135' title='bbox 576 3432 749 3510; x_wconf 71' lang='lat' dir='ltr'><strong>lacuaria</strong></span> <span class='ocrx_word' id='word_1_136' title='bbox 771 3434 929 3512; x_wconf 87' lang='lat' dir='ltr'><strong>relictus.</strong></span> <span class='ocrx_word' id='word_1_137' title='bbox 981 3436 1104 3534; x_wconf 88' lang='lat' dir='ltr'><strong>Atque</strong></span> <span class='ocrx_word' id='word_1_138' title='bbox 1131 3455 1253 3507; x_wconf 86' lang='lat' dir='ltr'><strong>actum</strong></span> <span class='ocrx_word' id='word_1_139' title='bbox 1266 3458 1269 3464; x_wconf 81' lang='lat'><em>·</em></span> <span class='ocrx_word' id='word_1_140' title='bbox 1282 3454 1335 3505; x_wconf 86' lang='lat' dir='ltr'><strong>est</strong></span> 
     </span>
    </p>

    <p class='ocr_par' dir='ltr' id='par_1_5' title="bbox 269 3553 1341 4071">
     <span class='ocr_line' id='line_1_22' title="bbox 269 3553 1341 3646; baseline -0.007 -4"><span class='ocrx_word' id='word_1_141' title='bbox 269 3553 272 3560; x_wconf 38' lang='lat'><em>¹</em></span> <span class='ocrx_word' id='word_1_142' title='bbox 332 3588 369 3646; x_wconf 80' lang='lat' dir='ltr'><strong>et</strong></span> <span class='ocrx_word' id='word_1_143' title='bbox 399 3567 667 3644; x_wconf 82' lang='lat' dir='ltr'><strong>conclamatum</strong></span> <span class='ocrx_word' id='word_1_144' title='bbox 693 3567 740 3642; x_wconf 88' lang='lat' dir='ltr'><strong>de</strong></span> <span class='ocrx_word' id='word_1_145' title='bbox 775 3570 1026 3644; x_wconf 87' lang='lat' dir='ltr'><strong>commentitio</strong></span> <span class='ocrx_word' id='word_1_146' title='bbox 1051 3569 1156 3646; x_wconf 88' lang='lat' dir='ltr'><strong>Isidis</strong></span> <span class='ocrx_word' id='word_1_147' title='bbox 1188 3566 1341 3642; x_wconf 88' lang='lat' dir='ltr'><strong>nomine.</strong></span> 
     </span>
     <span class='ocr_line' id='line_1_23' title="bbox 331 3701 1333 3816; baseline -0.007 -33"><span class='ocrx_word' id='word_1_148' title='bbox 331 3705 527 3804; x_wconf 78' lang='grc' dir='ltr'><strong><em>Κεραστοῑ</em></strong></span> <span class='ocrx_word' id='word_1_149' title='bbox 546 3703 602 3777; x_wconf 86' lang='lat' dir='ltr'><strong>vel</strong></span> <span class='ocrx_word' id='word_1_150' title='bbox 622 3706 810 3804; x_wconf 83' lang='grc' dir='ltr'><strong><em>Κεραστῇ.</em></strong></span> <span class='ocrx_word' id='word_1_151' title='bbox 888 3705 986 3816; x_wconf 82' lang='lat' dir='ltr'><strong>Quin</strong></span> <span class='ocrx_word' id='word_1_152' title='bbox 1017 3705 1144 3804; x_wconf 81' lang='lat' dir='ltr'><strong>igitur,</strong></span> <span class='ocrx_word' id='word_1_153' title='bbox 1186 3701 1333 3801; x_wconf 88' lang='lat' dir='ltr'><strong>quando</strong></span> 
     </span>
     <span class='ocr_line' id='line_1_24' title="bbox 331 3834 1332 3939; baseline 0.002 -31"><span class='ocrx_word' id='word_1_154' title='bbox 331 3834 462 3912; x_wconf 84' lang='lat' dir='ltr'><strong>idonea</strong></span> <span class='ocrx_word' id='word_1_155' title='bbox 486 3859 538 3914; x_wconf 82' lang='lat' dir='ltr'><strong>est</strong></span> <span class='ocrx_word' id='word_1_156' title='bbox 560 3839 715 3933; x_wconf 52' lang='lat' dir='ltr'><strong>occasioj</strong></span> <span class='ocrx_word' id='word_1_157' title='bbox 745 3861 779 3916; x_wconf 72' lang='grc' dir='ltr'><strong>οι</strong></span> <span class='ocrx_word' id='word_1_158' title='bbox 800 3839 889 3917; x_wconf 85' lang='lat' dir='ltr'><strong>alius</strong></span> <span class='ocrx_word' id='word_1_159' title='bbox 911 3841 1021 3932; x_wconf 86' lang='lat' dir='ltr'><strong>Deae,</strong></span> <span class='ocrx_word' id='word_1_160' title='bbox 1039 3841 1080 3911; x_wconf 54' lang='lat' dir='ltr'><strong>*si</strong></span> <span class='ocrx_word' id='word_1_161' title='bbox 1100 3837 1182 3912; x_wconf 90' lang='lat' dir='ltr'><strong>Diis</strong></span> <span class='ocrx_word' id='word_1_162' title='bbox 1205 3841 1332 3939; x_wconf 66' lang='lat' dir='ltr'><strong>planet,</strong></span> 
     </span>
     <span class='ocr_line' id='line_1_25' title="bbox 330 3966 1332 4071; baseline 0.001 -31"><span class='ocrx_word' id='word_1_163' title='bbox 330 3971 593 4071; x_wconf 84' lang='lat' dir='ltr'><strong>ineptissimum</strong></span> <span class='ocrx_word' id='word_1_164' title='bbox 613 3966 748 4050; x_wconf 85' lang='lat' dir='ltr'><strong>nornen</strong></span> <span class='ocrx_word' id='word_1_165' title='bbox 769 4001 980 4071; x_wconf 86' lang='lat' dir='ltr'><strong>numenque</strong></span> <span class='ocrx_word' id='word_1_166' title='bbox 1009 3973 1055 4046; x_wconf 85' lang='lat' dir='ltr'><strong>de</strong></span> <span class='ocrx_word' id='word_1_167' title='bbox 1088 3971 1210 4052; x_wconf 86' lang='lat' dir='ltr'><strong>medio</strong></span> <span class='ocrx_word' id='word_1_168' title='bbox 1234 3971 1332 4046; x_wconf 86' lang='lat' dir='ltr'><strong>tolli·</strong></span> 
     </span>
    </p>
   </div>
   <div class='ocr_carea' id='block_1_5' title="bbox 223 4099 1331 4208">
    <p class='ocr_par' dir='ltr' id='par_1_6' title="bbox 223 4099 1331 4208">
     <span class='ocr_line' id='line_1_26' title="bbox 223 4099 1331 4208; baseline -0.005 -26"><span class='ocrx_word' id='word_1_169' title='bbox 223 4099 228 4108; x_wconf 63' lang='grc'><em>’</em></span> <span class='ocrx_word' id='word_1_170' title='bbox 331 4105 437 4182; x_wconf 81' lang='lat' dir='ltr'><strong>tuus?</strong></span> <span class='ocrx_word' id='word_1_171' title='bbox 477 4108 704 4208; x_wconf 84' lang='lat' dir='ltr'><strong>Epigramma</strong></span> <span class='ocrx_word' id='word_1_172' title='bbox 719 4129 772 4182; x_wconf 87' lang='lat' dir='ltr'><strong>est</strong></span> <span class='ocrx_word' id='word_1_173' title='bbox 787 4107 885 4208; x_wconf 86' lang='lat' dir='ltr'><strong>apud</strong></span> <span class='ocrx_word' id='word_1_174' title='bbox 903 4111 1110 4202; x_wconf 83' lang='lat' dir='ltr'><strong>Gruterum,</strong></span> <span class='ocrx_word' id='word_1_175' title='bbox 1129 4112 1331 4208; x_wconf 81' lang='lat' dir='ltr'><strong>pag.1150.</strong></span> 
     </span>
    </p>
   </div>
   <div class='ocr_carea' id='block_1_6' title="bbox 0 0 1498 4980">
    <p class='ocr_par' dir='ltr' id='par_1_7' title="bbox 0 0 1498 4980">
     <span class='ocr_line' id='line_1_27' title="bbox 0 0 1498 4980; baseline 0 2"><span class='ocrx_word' id='word_1_176' title='bbox 0 0 1498 4980; x_wconf 95' lang='lat' dir='ltr'><strong> </strong></span> 
     </span>
    </p>
   </div>
  </div>
 </body>
</html>
