2986 4980
359 361 394 412 χ.

361 563 463 644 ctus,
487 551 560 651 qui
577 555 651 649 pro
667 566 728 638 ea,
757 565 882 647 quam
898 565 991 648 erga
1006 569 1074 624 me
1087 559 1130 624 et
1143 563 1247 628 artes
1259 545 1360 630 liba

217 689 220 696 ’
357 679 461 759 rales
480 675 606 760 habet
637 675 912 776 voluntatem,
940 674 1128 758 facillime
1148 678 1229 758 hoa
1251 683 1358 764 onus

357 810 435 894 sibi
458 817 783 918 imponipassus
797 825 868 890 est.
924 810 1362 916 Epistularumantem

338 935 537 1054 'ipsarum
565 960 832 1050 conspectum
857 951 1044 1048 apposita
1074 944 1277 1028 exhibebit
1298 966 1360 1028 ta·

356 1077 464 1162 bula.
520 1081 570 1158 ln
587 1077 735 1186 quibus
752 1091 854 1183 quot
870 1095 1128 1188 quantaeque
1141 1109 1205 1160 res
1219 1087 1359 1183 insint,

357 1219 437 1306 sive
470 1219 575 1294 scitu
602 1211 881 1320 dignissimae,
925 1217 1007 1292 sive
1044 1212 1359 1320 jucundissimae

242 1365 244 1370 ·
358 1345 521 1446 auditu,
555 1349 654 1428 nolo
674 1346 868 1457 pluribus
895 1344 1269 1454 verbisexponere,
1284 1359 1286 1365 '
1303 1377 1361 1431 ne

358 1499 431 1560 aut
452 1507 623 1589 magnos
651 1485 755 1560 viros
782 1497 943 1588 praeter
967 1486 1254 1582 necessitatem
1273 1483 1360 1560 lau-

358 1613 473 1714 dare,
520 1632 593 1694 aut
634 1637 772 1694 meam
811 1611 1139 1723 qualemcunque
1181 1616 1360 1722 opellam

355 1748 645 1858 magnifacere
666 1749 773 1842 velle
787 1747 932 1828 videar.

439 1886 553 1992 Quas
570 1881 723 1988 subjeci
735 1879 841 1963 inter
868 1881 1150 1962 additamenta
1167 1881 1359 1988 epistolas

353 2034 500 2125 postea
522 2015 649 2098 editas
664 2021 710 2098 in
723 2017 870 2097 Museo
889 2017 1037 2096 Crit'ico
1055 2012 1359 2123 Cantabrigien-

353 2157 408 2250 si,
453 2178 539 2234 non
572 2177 657 2246 uno
694 2157 865 2230 nomine
906 2166 1037 2258 gratas
1066 2166 1359 2258 exoptatasque

353 2284 569 2366 lectoribus
598 2282 683 2363 fore
721 2281 901 2380 confido;
952 2309 1130 2389 quonum
1156 2289 1200 2364 iu
1236 2311 1360 2366 usum

352 2417 628 2500 Brunekianos
648 2416 1039 2523 Aristophaneorum
1068 2443 1255 2498 versuum
1282 2445 1360 2498 nu-

352 2577 487 2633 meros
510 2551 777 2660 apponendos
800 2557 943 2630 curavi.
999 2553 1147 2658 Neque
1170 2555 1357 2646 oniittere

353 2697 543 2792 poteram
574 2685 788 2792 epistolam
817 2683 870 2762 ad
898 2685 1144 2790 Richterum
1167 2689 1360 2790 scnptam

354 2837 398 2898 et
439 2818 590 2922 Wolfii
624 2817 788 2902 brevem
833 2797 1151 2897 adnotatidnem.
1234 2815 1359 2928 Quod
1467 2822 1473 2835 '

235 2959 237 2965 '
354 2979 595 3061 quanquam
608 2959 698 3060 ipso
714 2981 799 3033 non
816 2953 989 3032 salutato
1003 2949 1100 3050 leci,
1125 2956 1283 3030 veniam
1298 2969 1359 3032 ta-

223 3113 225 3118 ·
316 3159 318 3164 .
354 3111 453 3168 men
474 3085 703 3192 impetrabo
733 3115 758 3166 a
777 3093 859 3166 viro
899 3083 1177 3183 celeberrimo,
1221 3091 1293 3192 qui
1314 3103 1358 3166 et

354 3221 440 3299 aliis
452 3224 496 3298 in
507 3218 808 3302 rebus-facilem
823 3219 924 3300 mihi
945 3245 988 3298 se
1008 3217 1226 3324 praebuit„
1243 3237 1290 3312 ,et
1305 3247 1356 3299 eo

351 3359 441 3460 ipso
470 3369 675 3460 tempore,
705 3379 788 3459 quo
812 3379 908 3432 eum
941 3351 1122 3433 aditurus
1151 3379 1282 3450 eram,
1311 3381 1361 3432 m

351 3486 520 3568 Italiam.
541 3503 583 3564 et
613 3487 791 3568 Galliam
822 3485 1075 3590 discesserat,
1118 3503 1166 3563 ut
1195 3467 1357 3566 b'alneo-

351 3645 444 3698 rum
465 3617 687 3698 salubrium
709 3648 788 3700 usu
810 3601 985 3699 'affectae
1010 3617 1232 3699 valetudini
1259 3647 1357 3699 con-

133 3767 136 3776 '
238 3807 240 3810 -
352 3754 519 3850 suleret,
568 3751 681 3859 quod
710 3739 815 3832 bene
849 3769 892 3832 et
927 3751 1093 3833 feliciter
1125 3751 1196 3844 illi
1216 3771 1354 3834 vertat.

352 3887 442 3980 Nec
469 3893 598 3992 magis
627 3883 805 3966 debebat
835 3883 974 3966 abesse
1004 3887 1247 3967 Hermanni
1278 3888 1356 3968 dis-

354 4025 543 4119 sertatio,
582 4045 709 4127 quae,
733 4016 882 4126 quibus
904 4025 949 4100 in
967 4017 1088 4099 rebus
1112 4018 1355 4102 admirabilis
