<?xml version="1.0" encoding="UTF-8"?>
<!DOCTYPE html PUBLIC "-//W3C//DTD XHTML 1.0 Transitional//EN"
    "http://www.w3.org/TR/xhtml1/DTD/xhtml1-transitional.dtd">
<html xmlns="http://www.w3.org/1999/xhtml" xml:lang="en" lang="en">
 <head>
  <title>
</title>
<meta http-equiv="Content-Type" content="text/html;charset=utf-8" />
  <meta name='ocr-system' content='tesseract 3.04.00' />
  <meta name='ocr-capabilities' content='ocr_page ocr_carea ocr_par ocr_line ocrx_word'/>
</head>
<body>
  <div class='ocr_page' id='page_1' title='image "./richardibentlei00hermgoog_0201.png"; bbox 0 0 2948 5006; ppageno 0'>
   <div class='ocr_carea' id='block_1_1' title="bbox 1066 398 1199 487">
    <p class='ocr_par' dir='ltr' id='par_1_1' title="bbox 1066 398 1199 487">
     <span class='ocr_line' id='line_1_1' title="bbox 1066 398 1199 487; baseline 0 -7"><span class='ocrx_word' id='word_1_1' title='bbox 1066 398 1137 487; x_wconf 76' lang='lat'><strong>175</strong></span> <span class='ocrx_word' id='word_1_2' title='bbox 1191 475 1199 480; x_wconf 85' lang='lat'>.</span> 
     </span>
    </p>
   </div>
   <div class='ocr_carea' id='block_1_2' title="bbox 9 559 1341 2988">
    <p class='ocr_par' dir='ltr' id='par_1_2' title="bbox 9 559 1341 2988">
     <span class='ocr_line' id='line_1_2' title="bbox 130 559 1341 700; baseline -0.001 -38"><span class='ocrx_word' id='word_1_3' title='bbox 130 585 205 663; x_wconf 82' lang='lat' dir='ltr'><strong>fit?</strong></span> <span class='ocrx_word' id='word_1_4' title='bbox 256 581 374 674; x_wconf 83' lang='lat' dir='ltr'><strong>Addis</strong></span> <span class='ocrx_word' id='word_1_5' title='bbox 394 585 557 694; x_wconf 79' lang='lat' dir='ltr'><strong>-quidem</strong></span> <span class='ocrx_word' id='word_1_6' title='bbox 587 587 623 660; x_wconf 91' lang='lat' dir='ltr'><strong>in</strong></span> <span class='ocrx_word' id='word_1_7' title='bbox 647 589 844 690; x_wconf 81' lang='lat' dir='ltr'><strong>posteriore</strong></span> <span class='ocrx_word' id='word_1_8' title='bbox 865 559 969 700; x_wconf 42' lang='lat' dir='ltr'>loco}</span> <span class='ocrx_word' id='word_1_9' title='bbox 1007 593 1041 668; x_wconf 79' lang='lat' dir='ltr'><strong>ei</strong></span> <span class='ocrx_word' id='word_1_10' title='bbox 1057 594 1221 694; x_wconf 67' lang='lat' dir='ltr'><strong>querna</strong></span> <span class='ocrx_word' id='word_1_11' title='bbox 1338 645 1341 650; x_wconf 84' lang='lat'>.</span> 
     </span>
     <span class='ocr_line' id='line_1_3' title="bbox 9 724 1139 836; baseline 0.006 -40"><span class='ocrx_word' id='word_1_12' title='bbox 9 813 10 816; x_wconf 8' lang='grc' dir='ltr'><strong>Ἴ</strong></span> <span class='ocrx_word' id='word_1_13' title='bbox 65 798 68 830; x_wconf 36' lang='grc' dir='ltr'><strong>ἱ</strong></span> <span class='ocrx_word' id='word_1_14' title='bbox 128 725 221 802; x_wconf 74' lang='lat' dir='ltr'><strong>velit</strong></span> <span class='ocrx_word' id='word_1_15' title='bbox 241 748 322 836; x_wconf 74' lang='lat' dir='ltr'><strong>rem</strong></span> <span class='ocrx_word' id='word_1_16' title='bbox 340 735 458 798; x_wconf 80' lang='lat' dir='ltr'><strong>tecum</strong></span> <span class='ocrx_word' id='word_1_17' title='bbox 477 725 769 808; x_wconf 71' lang='lat' dir='ltr'><strong>communicares:</strong></span> <span class='ocrx_word' id='word_1_18' title='bbox 794 747 830 803; x_wconf 85' lang='lat' dir='ltr'><strong>et</strong></span> <span class='ocrx_word' id='word_1_19' title='bbox 853 724 947 802; x_wconf 85' lang='lat' dir='ltr'><strong>ill&#39;ud</strong></span> <span class='ocrx_word' id='word_1_20' title='bbox 967 728 1063 806; x_wconf 85' lang='lat' dir='ltr'><strong>forte</strong></span> <span class='ocrx_word' id='word_1_21' title='bbox 1083 729 1139 812; x_wconf 80' lang='lat' dir='ltr'><strong>in·</strong></span> 
     </span>
     <span class='ocr_line' id='line_1_4' title="bbox 66 857 1137 968; baseline 0.003 -33"><span class='ocrx_word' id='word_1_22' title='bbox 66 937 69 945; x_wconf 68' lang='grc'>,</span> <span class='ocrx_word' id='word_1_23' title='bbox 130 857 313 960; x_wconf 82' lang='lat' dir='ltr'><strong>dignaris,</strong></span> <span class='ocrx_word' id='word_1_24' title='bbox 354 879 390 934; x_wconf 84' lang='lat' dir='ltr'><strong>te</strong></span> <span class='ocrx_word' id='word_1_25' title='bbox 418 858 610 954; x_wconf 79' lang='lat' dir='ltr'><strong>insciente,</strong></span> <span class='ocrx_word' id='word_1_26' title='bbox 647 886 714 938; x_wconf 83' lang='lat' dir='ltr'><strong>nee</strong></span> <span class='ocrx_word' id='word_1_27' title='bbox 735 861 838 939; x_wconf 81' lang='lat' dir='ltr'><strong>venia</strong></span> <span class='ocrx_word' id='word_1_28' title='bbox 859 883 920 942; x_wconf 87' lang='lat' dir='ltr'><strong>tua</strong></span> <span class='ocrx_word' id='word_1_29' title='bbox 945 863 1046 968; x_wconf 79' lang='lat' dir='ltr'><strong>prius</strong></span> <span class='ocrx_word' id='word_1_30' title='bbox 1069 864 1137 938; x_wconf 84' lang='lat' dir='ltr'><strong>im·</strong></span> 
     </span>
     <span class='ocr_line' id='line_1_5' title="bbox 66 993 1137 1106; baseline 0.006 -38"><span class='ocrx_word' id='word_1_31' title='bbox 66 1029 69 1038; x_wconf 89' lang='lat'><em>·</em></span> <span class='ocrx_word' id='word_1_32' title='bbox 131 1013 290 1095; x_wconf 85' lang='lat' dir='ltr'><strong>petrata,</strong></span> <span class='ocrx_word' id='word_1_33' title='bbox 307 1019 535 1106; x_wconf 61' lang='lat' dir='ltr'><strong>&#39;quemquam</strong></span> <span class='ocrx_word' id='word_1_34' title='bbox 556 993 598 1068; x_wconf 87' lang='lat' dir='ltr'><strong>id</strong></span> <span class='ocrx_word' id='word_1_35' title='bbox 617 996 728 1074; x_wconf 75' lang='lat' dir='ltr'><strong>fuisse</strong></span> <span class='ocrx_word' id='word_1_36' title='bbox 751 1005 887 1074; x_wconf 85' lang='lat' dir='ltr'><strong>ausum.</strong></span> <span class='ocrx_word' id='word_1_37' title='bbox 916 997 1073 1078; x_wconf 73' lang='lat' dir='ltr'><strong>‘verum</strong></span> <span class='ocrx_word' id='word_1_38' title='bbox 1094 999 1137 1074; x_wconf 90' lang='lat' dir='ltr'><strong>id</strong></span> 
     </span>
     <span class='ocr_line' id='line_1_6' title="bbox 130 1125 1136 1238; baseline 0.007 -34"><span class='ocrx_word' id='word_1_39' title='bbox 130 1155 269 1229; x_wconf 87' lang='lat' dir='ltr'><strong>quaese</strong></span> <span class='ocrx_word' id='word_1_40' title='bbox 316 1128 546 1226; x_wconf 80' lang='lat' dir='ltr'><strong>memineris,¹</strong></span> <span class='ocrx_word' id='word_1_41' title='bbox 589 1129 795 1232; x_wconf 77' lang='grc' dir='ltr'><strong>ἁφθόααας</strong></span> <span class='ocrx_word' id='word_1_42' title='bbox 834 1125 1136 1238; x_wconf 69' lang='grc' dir='ltr'><strong><em>εἶααιΜουσῶα</em></strong></span> 
     </span>
     <span class='ocr_line' id='line_1_7' title="bbox 126 1251 1135 1372; baseline 0.001 -30"><span class='ocrx_word' id='word_1_43' title='bbox 126 1263 283 1368; x_wconf 72' lang='grc' dir='ltr'><strong><em>θύρας,</em></strong></span> <span class='ocrx_word' id='word_1_44' title='bbox 321 1265 510 1366; x_wconf 88' lang='lat' dir='ltr'><strong>liberaque</strong></span> <span class='ocrx_word' id='word_1_45' title='bbox 527 1291 602 1342; x_wconf 88' lang='lat' dir='ltr'><strong>esse</strong></span> <span class='ocrx_word' id='word_1_46' title='bbox 624 1263 815 1344; x_wconf 84' lang='lat' dir='ltr'><strong>hominum</strong></span> <span class='ocrx_word' id='word_1_47' title='bbox 833 1267 989 1372; x_wconf 84' lang='lat' dir='ltr'><strong>ingenia,</strong></span> <span class='ocrx_word' id='word_1_48' title='bbox 1008 1279 1045 1346; x_wconf 75' lang='lat' dir='ltr'><strong>et</strong></span> <span class='ocrx_word' id='word_1_49' title='bbox 1060 1251 1135 1346; x_wconf 77' lang='lat' dir='ltr'><strong>frn-</strong></span> 
     </span>
     <span class='ocr_line' id='line_1_8' title="bbox 123 1387 1134 1504; baseline 0.001 -27"><span class='ocrx_word' id='word_1_50' title='bbox 123 1421 272 1477; x_wconf 83' lang='lat' dir='ltr'><strong>strate</strong></span> <span class='ocrx_word' id='word_1_51' title='bbox 302 1387 584 1504; x_wconf 30' lang='lat' dir='ltr'><strong>quaesiturum(</strong></span> <span class='ocrx_word' id='word_1_52' title='bbox 601 1423 644 1480; x_wconf 85' lang='lat' dir='ltr'><strong>ut</strong></span> <span class='ocrx_word' id='word_1_53' title='bbox 681 1413 832 1504; x_wconf 78' lang='lat' dir='ltr'><strong>regnum</strong></span> <span class='ocrx_word' id='word_1_54' title='bbox 867 1401 937 1483; x_wconf 77' lang='lat' dir='ltr'><strong>hie</strong></span> <span class='ocrx_word' id='word_1_55' title='bbox 962 1400 1134 1480; x_wconf 80' lang='lat' dir='ltr'><strong>dbtineas.</strong></span> 
     </span>
     <span class='ocr_line' id='line_1_9' title="bbox 129 1531 1135 1642; baseline 0.004 -34"><span class='ocrx_word' id='word_1_56' title='bbox 129 1531 254 1637; x_wconf 87' lang='lat' dir='ltr'><strong>Quid·</strong></span> <span class='ocrx_word' id='word_1_57' title='bbox 268 1561 374 1636; x_wconf 84' lang='lat' dir='ltr'><strong>ergo,</strong></span> <span class='ocrx_word' id='word_1_58' title='bbox 409 1565 456 1610; x_wconf 84' lang='lat' dir='ltr'><strong>nn</strong></span> <span class='ocrx_word' id='word_1_59' title='bbox 476 1537 590 1613; x_wconf 72' lang='lat' dir='ltr'><strong>famae</strong></span> <span class='ocrx_word' id='word_1_60' title='bbox 617 1553 701 1613; x_wconf 86' lang='lat' dir='ltr'><strong>tuae</strong></span> <span class='ocrx_word' id='word_1_61' title='bbox 724 1539 849 1614; x_wconf 88' lang='lat' dir='ltr'><strong>obesse</strong></span> <span class='ocrx_word' id='word_1_62' title='bbox 874 1538 1012 1635; x_wconf 82' lang='lat' dir='ltr'><strong>eredis,</strong></span> <span class='ocrx_word' id='word_1_63' title='bbox 1053 1537 1135 1642; x_wconf 62' lang='lat' dir='ltr'><strong>quia</strong></span> 
     </span>
     <span class='ocr_line' id='line_1_10' title="bbox 128 1670 1135 1782; baseline 0.005 -37"><span class='ocrx_word' id='word_1_64' title='bbox 128 1671 294 1770; x_wconf 58' lang='lat' dir='ltr'><strong>cunque‚‘</strong></span> <span class='ocrx_word' id='word_1_65' title='bbox 333 1692 370 1746; x_wconf 86' lang='lat' dir='ltr'><strong>te</strong></span> <span class='ocrx_word' id='word_1_66' title='bbox 398 1670 554 1774; x_wconf 78' lang='lat' dir='ltr'><strong>vivente,</strong></span> <span class='ocrx_word' id='word_1_67' title='bbox 585 1671 828 1749; x_wconf 82' lang='lat' dir='ltr'><strong>Menandrum</strong></span> <span class='ocrx_word' id='word_1_68' title='bbox 852 1674 1027 1782; x_wconf 82' lang='lat' dir='ltr'><strong>attigerit,</strong></span> <span class='ocrx_word' id='word_1_69' title='bbox 1063 1673 1135 1750; x_wconf 89' lang='lat' dir='ltr'><strong>nisi</strong></span> 
     </span>
     <span class='ocr_line' id='line_1_11' title="bbox 129 1783 1153 1912; baseline 0.002 -32"><span class='ocrx_word' id='word_1_70' title='bbox 129 1833 176 1882; x_wconf 88' lang='lat' dir='ltr'><strong>ex</strong></span> <span class='ocrx_word' id='word_1_71' title='bbox 199 1805 343 1880; x_wconf 86' lang='lat' dir='ltr'><strong>officina</strong></span> <span class='ocrx_word' id='word_1_72' title='bbox 372 1833 455 1882; x_wconf 90' lang='lat' dir='ltr'><strong>eum</strong></span> <span class='ocrx_word' id='word_1_73' title='bbox 487 1783 548 1880; x_wconf 86' lang='lat' dir='ltr'><strong>tua</strong></span> <span class='ocrx_word' id='word_1_74' title='bbox 575 1805 724 1908; x_wconf 87' lang='lat' dir='ltr'><strong>prodire</strong></span> <span class='ocrx_word' id='word_1_75' title='bbox 753 1804 933 1912; x_wconf 70' lang='lat' dir='ltr'><strong>patiatur?</strong></span> <span class='ocrx_word' id='word_1_76' title='bbox 955 1817 958 1824; x_wconf 84' lang='grc'><strong>’</strong></span> <span class='ocrx_word' id='word_1_77' title='bbox 982 1808 1153 1884; x_wconf 77' lang='lat' dir='ltr'><strong>Miseret·</strong></span> 
     </span>
     <span class='ocr_line' id='line_1_12' title="bbox 128 1941 1171 2039; baseline -0.001 -22"><span class='ocrx_word' id='word_1_78' title='bbox 128 1968 190 2017; x_wconf 89' lang='lat' dir='ltr'><strong>me</strong></span> <span class='ocrx_word' id='word_1_79' title='bbox 215 1941 302 2039; x_wconf 81' lang='lat' dir='ltr'><strong>tui‚&#39;</strong></span> <span class='ocrx_word' id='word_1_80' title='bbox 325 1942 356 2015; x_wconf 91' lang='lat' dir='ltr'><strong>si</strong></span> <span class='ocrx_word' id='word_1_81' title='bbox 384 1969 428 2017; x_wconf 90' lang='lat' dir='ltr'><strong>eo</strong></span> <span class='ocrx_word' id='word_1_82' title='bbox 449 1941 570 2015; x_wconf 78' lang='lat' dir='ltr'><strong>animo</strong></span> <span class='ocrx_word' id='word_1_83' title='bbox 591 1941 821 2018; x_wconf 76' lang='lat' dir='ltr'><strong>humaniores</strong></span> <span class='ocrx_word' id='word_1_84' title='bbox 843 1941 965 2018; x_wconf 82' lang='lat' dir='ltr'><strong>literas</strong></span> <span class='ocrx_word' id='word_1_85' title='bbox 976 1965 1131 2018; x_wconf 79' lang='lat' dir='ltr'><strong>tractas:</strong></span> <span class='ocrx_word' id='word_1_86' title='bbox 1168 2007 1171 2016; x_wconf 88' lang='lat'>.</span> 
     </span>
     <span class='ocr_line' id='line_1_13' title="bbox 126 2059 1132 2179; baseline -0.001 -24"><span class='ocrx_word' id='word_1_87' title='bbox 126 2059 389 2179; x_wconf 61' lang='lat' dir='ltr'><strong>valeat&#39;potius</strong></span> <span class='ocrx_word' id='word_1_88' title='bbox 426 2103 483 2150; x_wconf 90' lang='lat' dir='ltr'><strong>res</strong></span> <span class='ocrx_word' id='word_1_89' title='bbox 508 2073 670 2179; x_wconf 78' lang='lat' dir='ltr'><strong>ludicra,</strong></span> <span class='ocrx_word' id='word_1_90' title='bbox 709 2079 741 2155; x_wconf 91' lang='lat' dir='ltr'><strong>si</strong></span> <span class='ocrx_word' id='word_1_91' title='bbox 766 2085 832 2168; x_wconf 60' lang='lat' dir='ltr'><strong>ste¹</strong></span> <span class='ocrx_word' id='word_1_92' title='bbox 849 2063 975 2153; x_wconf 84' lang='lat' dir='ltr'><strong>Palma</strong></span> <span class='ocrx_word' id='word_1_93' title='bbox 1007 2100 1132 2179; x_wconf 83' lang='lat' dir='ltr'><strong>negata</strong></span> 
     </span>
     <span class='ocr_line' id='line_1_14' title="bbox 99 2207 1133 2316; baseline 0.002 -30"><span class='ocrx_word' id='word_1_94' title='bbox 99 2239 309 2310; x_wconf 68' lang='lat' dir='ltr'><strong>macrum,</strong></span> <span class='ocrx_word' id='word_1_95' title='bbox 350 2208 480 2284; x_wconf 84' lang='lat' dir='ltr'><strong>donata</strong></span> <span class='ocrx_word' id='word_1_96' title='bbox 512 2207 654 2288; x_wconf 86' lang='lat' dir='ltr'><strong>reducit</strong></span> <span class='ocrx_word' id='word_1_97' title='bbox 686 2213 862 2316; x_wconf 86' lang='lat' dir='ltr'><strong>opimum.</strong></span> <span class='ocrx_word' id='word_1_98' title='bbox 936 2213 985 2288; x_wconf 84' lang='lat' dir='ltr'><strong>Et</strong></span> <span class='ocrx_word' id='word_1_99' title='bbox 1012 2227 1133 2288; x_wconf 89' lang='lat' dir='ltr'><strong>tamen</strong></span> 
     </span>
     <span class='ocr_line' id='line_1_15' title="bbox 128 2344 1178 2443; baseline 0 -21"><span class='ocrx_word' id='word_1_100' title='bbox 128 2348 247 2422; x_wconf 81' lang='lat' dir='ltr'><strong>neseis</strong></span> <span class='ocrx_word' id='word_1_101' title='bbox 267 2346 411 2443; x_wconf 86' lang='lat' dir='ltr'><strong>adhue,</strong></span> <span class='ocrx_word' id='word_1_102' title='bbox 447 2367 489 2419; x_wconf 88' lang='lat' dir='ltr'><strong>ut</strong></span> <span class='ocrx_word' id='word_1_103' title='bbox 513 2344 638 2443; x_wconf 90' lang='lat' dir='ltr'><strong>video,</strong></span> <span class='ocrx_word' id='word_1_104' title='bbox 673 2359 729 2421; x_wconf 73' lang='lat' dir='ltr'><strong>ans</strong></span> <span class='ocrx_word' id='word_1_105' title='bbox 742 2349 781 2422; x_wconf 92' lang='lat' dir='ltr'><strong>in</strong></span> <span class='ocrx_word' id='word_1_106' title='bbox 806 2348 933 2423; x_wconf 85' lang='lat' dir='ltr'><strong>libello</strong></span> <span class='ocrx_word' id='word_1_107' title='bbox 956 2348 1024 2424; x_wconf 84' lang='lat' dir='ltr'><strong>illo</strong></span> <span class='ocrx_word' id='word_1_108' title='bbox 1047 2371 1133 2436; x_wconf 79' lang='lat' dir='ltr'><strong>mex</strong></span> <span class='ocrx_word' id='word_1_109' title='bbox 1173 2414 1178 2432; x_wconf 77' lang='grc'><strong>,</strong></span> 
     </span>
     <span class='ocr_line' id='line_1_16' title="bbox 127 2459 1164 2585; baseline -0.002 -29"><span class='ocrx_word' id='word_1_110' title='bbox 127 2481 323 2585; x_wconf 83' lang='lat' dir='ltr'><strong>proditura</strong></span> <span class='ocrx_word' id='word_1_111' title='bbox 356 2484 553 2558; x_wconf 87' lang='lat' dir='ltr'><strong>elementer</strong></span> <span class='ocrx_word' id='word_1_112' title='bbox 585 2503 623 2558; x_wconf 87' lang='lat' dir='ltr'><strong>et</strong></span> <span class='ocrx_word' id='word_1_113' title='bbox 651 2483 728 2557; x_wconf 88' lang='lat' dir='ltr'><strong>sine</strong></span> <span class='ocrx_word' id='word_1_114' title='bbox 756 2482 830 2558; x_wconf 85' lang='lat' dir='ltr'><strong>sale</strong></span> <span class='ocrx_word' id='word_1_115' title='bbox 862 2481 966 2582; x_wconf 85' lang='lat' dir='ltr'><strong>nigro</strong></span> <span class='ocrx_word' id='word_1_116' title='bbox 980 2459 1164 2558; x_wconf 72' lang='lat' dir='ltr'><strong>errores¹</strong></span> 
     </span>
     <span class='ocr_line' id='line_1_17' title="bbox 127 2598 1132 2720; baseline 0.002 -28"><span class='ocrx_word' id='word_1_117' title='bbox 127 2620 184 2692; x_wconf 89' lang='lat' dir='ltr'><strong>tui</strong></span> <span class='ocrx_word' id='word_1_118' title='bbox 215 2598 459 2718; x_wconf 44' lang='lat' dir='ltr'><strong>castigentur(</strong></span> <span class='ocrx_word' id='word_1_119' title='bbox 514 2617 619 2706; x_wconf 88' lang='lat' dir='ltr'><strong>Quid</strong></span> <span class='ocrx_word' id='word_1_120' title='bbox 651 2619 759 2720; x_wconf 84' lang='lat' dir='ltr'><strong>igitur</strong></span> <span class='ocrx_word' id='word_1_121' title='bbox 791 2638 843 2692; x_wconf 88' lang='lat' dir='ltr'><strong>est</strong></span> <span class='ocrx_word' id='word_1_122' title='bbox 875 2615 921 2690; x_wconf 89' lang='lat' dir='ltr'><strong>de</strong></span> <span class='ocrx_word' id='word_1_123' title='bbox 955 2644 1030 2718; x_wconf 91' lang='lat' dir='ltr'><strong>quo</strong></span> <span class='ocrx_word' id='word_1_124' title='bbox 1056 2638 1132 2694; x_wconf 81' lang='lat' dir='ltr'><strong>tam</strong></span> 
     </span>
     <span class='ocr_line' id='line_1_18' title="bbox 129 2748 1131 2853; baseline -0.005 -25"><span class='ocrx_word' id='word_1_125' title='bbox 129 2755 316 2828; x_wconf 87' lang='lat' dir='ltr'><strong>immature</strong></span> <span class='ocrx_word' id='word_1_126' title='bbox 333 2748 521 2853; x_wconf 74' lang='lat' dir='ltr'>queraris?</span> <span class='ocrx_word' id='word_1_127' title='bbox 545 2751 729 2828; x_wconf 78' lang='lat' dir='ltr'><strong>Nimirum</strong></span> <span class='ocrx_word' id='word_1_128' title='bbox 753 2748 858 2853; x_wconf 89' lang='lat' dir='ltr'><strong>quod</strong></span> <span class='ocrx_word' id='word_1_129' title='bbox 870 2751 1082 2828; x_wconf 88' lang='lat' dir='ltr'><strong>Burmanno</strong></span> <span class='ocrx_word' id='word_1_130' title='bbox 1099 2751 1131 2824; x_wconf 87' lang='lat' dir='ltr'><strong>is</strong></span> 
     </span>
     <span class='ocr_line' id='line_1_19' title="bbox 129 2886 1131 2988; baseline 0 -28"><span class='ocrx_word' id='word_1_131' title='bbox 129 2888 224 2964; x_wconf 86' lang='lat' dir='ltr'><strong>liber</strong></span> <span class='ocrx_word' id='word_1_132' title='bbox 255 2886 407 2962; x_wconf 88' lang='lat' dir='ltr'><strong>traditus</strong></span> <span class='ocrx_word' id='word_1_133' title='bbox 436 2889 504 2980; x_wconf 90' lang='lat' dir='ltr'><strong>sit,</strong></span> <span class='ocrx_word' id='word_1_134' title='bbox 546 2891 610 2988; x_wconf 82' lang='lat' dir='ltr'><strong>qui</strong></span> <span class='ocrx_word' id='word_1_135' title='bbox 629 2892 728 2962; x_wconf 82' lang='lat' dir='ltr'><strong>enim</strong></span> <span class='ocrx_word' id='word_1_136' title='bbox 754 2889 809 2961; x_wconf 86' lang='lat' dir='ltr'><strong>ad</strong></span> <span class='ocrx_word' id='word_1_137' title='bbox 830 2913 913 2960; x_wconf 80' lang='lat' dir='ltr'><strong>eum</strong></span> <span class='ocrx_word' id='word_1_138' title='bbox 935 2889 1131 2985; x_wconf 80' lang='lat' dir='ltr'><strong>quippiam</strong></span> 
     </span>
    </p>
   </div>
   <div class='ocr_carea' id='block_1_3' title="bbox 126 3147 1211 3395">
    <p class='ocr_par' dir='ltr' id='par_1_3' title="bbox 126 3147 1211 3395">
     <span class='ocr_line' id='line_1_20' title="bbox 126 3147 1211 3258; baseline -0.004 -24"><span class='ocrx_word' id='word_1_139' title='bbox 126 3187 175 3234; x_wconf 83' lang='lat' dir='ltr'><strong>ac</strong></span> <span class='ocrx_word' id='word_1_140' title='bbox 213 3162 462 3236; x_wconf 77' lang='lat' dir='ltr'><strong>Petronianua</strong></span> <span class='ocrx_word' id='word_1_141' title='bbox 499 3161 681 3258; x_wconf 76' lang='lat' dir='ltr'><strong>interpres</strong></span> <span class='ocrx_word' id='word_1_142' title='bbox 718 3165 750 3232; x_wconf 88' lang='grc' dir='ltr'><strong>α’</strong></span> <span class='ocrx_word' id='word_1_143' title='bbox 785 3171 821 3232; x_wconf 78' lang='lat' dir='ltr'><strong>te</strong></span> <span class='ocrx_word' id='word_1_144' title='bbox 859 3158 1039 3234; x_wconf 75' lang='lat' dir='ltr'><strong>babeamr</strong></span> <span class='ocrx_word' id='word_1_145' title='bbox 1066 3171 1132 3234; x_wconf 83' lang='lat' dir='ltr'><strong>&#39;rte-</strong></span> <span class='ocrx_word' id='word_1_146' title='bbox 1192 3147 1211 3206; x_wconf 81' lang='lat'><strong>.&#39;</strong></span> 
     </span>
     <span class='ocr_line' id='line_1_21' title="bbox 128 3264 1131 3395; baseline 0.002 -27"><span class='ocrx_word' id='word_1_147' title='bbox 128 3310 303 3370; x_wconf 70' lang='lat' dir='ltr'><strong>coereeat.</strong></span> <span class='ocrx_word' id='word_1_148' title='bbox 323 3339 325 3344; x_wconf 66' lang='lat'>,</span> <span class='ocrx_word' id='word_1_149' title='bbox 354 3291 451 3370; x_wconf 85' lang='lat' dir='ltr'><strong>Vide</strong></span> <span class='ocrx_word' id='word_1_150' title='bbox 473 3319 557 3371; x_wconf 85' lang='lat' dir='ltr'><strong>vero</strong></span> <span class='ocrx_word' id='word_1_151' title='bbox 574 3322 683 3393; x_wconf 90' lang='lat' dir='ltr'><strong>quam</strong></span> <span class='ocrx_word' id='word_1_152' title='bbox 697 3264 809 3368; x_wconf 73' lang='lat' dir='ltr'><strong>aictas</strong></span> <span class='ocrx_word' id='word_1_153' title='bbox 827 3314 863 3368; x_wconf 89' lang='lat' dir='ltr'><strong>et</strong></span> <span class='ocrx_word' id='word_1_154' title='bbox 882 3292 1025 3395; x_wconf 86' lang='lat' dir='ltr'><strong>iniquas</strong></span> <span class='ocrx_word' id='word_1_155' title='bbox 1044 3295 1131 3370; x_wconf 87' lang='lat' dir='ltr'><strong>ami-</strong></span> 
     </span>
    </p>
   </div>
   <div class='ocr_carea' id='block_1_4' title="bbox 128 3428 1131 3531">
    <p class='ocr_par' dir='ltr' id='par_1_4' title="bbox 128 3428 1131 3531">
     <span class='ocr_line' id='line_1_22' title="bbox 128 3428 1131 3531; baseline 0.005 -29"><span class='ocrx_word' id='word_1_156' title='bbox 128 3431 232 3504; x_wconf 85' lang='lat' dir='ltr'><strong>citiae</strong></span> <span class='ocrx_word' id='word_1_157' title='bbox 261 3451 342 3504; x_wconf 89' lang='lat' dir='ltr'><strong>tuae</strong></span> <span class='ocrx_word' id='word_1_158' title='bbox 363 3430 470 3530; x_wconf 75' lang='lat' dir='ltr'><strong>¹leges</strong></span> <span class='ocrx_word' id='word_1_159' title='bbox 498 3429 706 3504; x_wconf 86' lang='lat' dir='ltr'><strong>constituas:</strong></span> <span class='ocrx_word' id='word_1_160' title='bbox 773 3428 814 3504; x_wconf 84' lang='lat' dir='ltr'><strong>si</strong></span> <span class='ocrx_word' id='word_1_161' title='bbox 838 3429 1004 3531; x_wconf 88' lang='lat' dir='ltr'><strong>quisquis</strong></span> <span class='ocrx_word' id='word_1_162' title='bbox 1038 3430 1131 3508; x_wconf 85' lang='lat' dir='ltr'><strong>Bur·</strong></span> 
     </span>
    </p>
   </div>
   <div class='ocr_carea' id='block_1_5' title="bbox 124 3564 1212 4208">
    <p class='ocr_par' dir='ltr' id='par_1_5' title="bbox 124 3564 1212 4208">
     <span class='ocr_line' id='line_1_23' title="bbox 128 3564 1131 3666; baseline 0.001 -28"><span class='ocrx_word' id='word_1_163' title='bbox 128 3567 252 3640; x_wconf 87' lang='lat' dir='ltr'><strong>manni</strong></span> <span class='ocrx_word' id='word_1_164' title='bbox 283 3566 429 3666; x_wconf 82' lang='lat' dir='ltr'><strong>ingenio</strong></span> <span class='ocrx_word' id='word_1_165' title='bbox 460 3564 604 3659; x_wconf 82' lang='lat' dir='ltr'><strong>faverit,</strong></span> <span class='ocrx_word' id='word_1_166' title='bbox 641 3565 814 3640; x_wconf 84' lang='lat' dir='ltr'><strong>continuo</strong></span> <span class='ocrx_word' id='word_1_167' title='bbox 845 3585 887 3639; x_wconf 85' lang='lat' dir='ltr'><strong>ut</strong></span> <span class='ocrx_word' id='word_1_168' title='bbox 916 3565 985 3638; x_wconf 90' lang='lat' dir='ltr'><strong>tibi</strong></span> <span class='ocrx_word' id='word_1_169' title='bbox 1013 3566 1131 3639; x_wconf 86' lang='lat' dir='ltr'><strong>infen-</strong></span> 
     </span>
     <span class='ocr_line' id='line_1_24' title="bbox 127 3675 1129 3798; baseline -0.004 -24"><span class='ocrx_word' id='word_1_170' title='bbox 127 3700 336 3776; x_wconf 66' lang='lat' dir='ltr'><strong>summale·</strong></span> <span class='ocrx_word' id='word_1_171' title='bbox 354 3700 484 3777; x_wconf 89' lang='lat' dir='ltr'><strong>oderis.</strong></span> <span class='ocrx_word' id='word_1_172' title='bbox 547 3697 729 3798; x_wconf 87' lang='lat' dir='ltr'><strong>Equidem</strong></span> <span class='ocrx_word' id='word_1_173' title='bbox 756 3698 864 3774; x_wconf 87' lang='lat' dir='ltr'><strong>doleo</strong></span> <span class='ocrx_word' id='word_1_174' title='bbox 889 3721 964 3774; x_wconf 84' lang='lat' dir='ltr'><strong>tarn</strong></span> <span class='ocrx_word' id='word_1_175' title='bbox 983 3675 1129 3774; x_wconf 69' lang='lat' dir='ltr'><strong>acerbas</strong></span> 
     </span>
     <span class='ocr_line' id='line_1_25' title="bbox 127 3817 1212 3933; baseline -0.003 -26"><span class='ocrx_word' id='word_1_176' title='bbox 127 3834 221 3910; x_wconf 82' lang='lat' dir='ltr'><strong>inter</strong></span> <span class='ocrx_word' id='word_1_177' title='bbox 244 3863 306 3914; x_wconf 89' lang='lat' dir='ltr'><strong>ves</strong></span> <span class='ocrx_word' id='word_1_178' title='bbox 329 3836 524 3910; x_wconf 84' lang='lat' dir='ltr'><strong>simultates</strong></span> <span class='ocrx_word' id='word_1_179' title='bbox 546 3833 726 3930; x_wconf 77' lang='lat' dir='ltr'><strong>exarsisse,</strong></span> <span class='ocrx_word' id='word_1_180' title='bbox 752 3859 838 3933; x_wconf 90' lang='lat' dir='ltr'><strong>quas</strong></span> <span class='ocrx_word' id='word_1_181' title='bbox 854 3859 874 3908; x_wconf 85' lang='lat' dir='ltr'><strong>e</strong></span> <span class='ocrx_word' id='word_1_182' title='bbox 891 3859 929 3907; x_wconf 88' lang='lat' dir='ltr'><strong>re</strong></span> <span class='ocrx_word' id='word_1_183' title='bbox 944 3833 1129 3908; x_wconf 89' lang='lat' dir='ltr'><strong>communi</strong></span> <span class='ocrx_word' id='word_1_184' title='bbox 1209 3817 1212 3824; x_wconf 17' lang='grc' dir='ltr'>λ</span> 
     </span>
     <span class='ocr_line' id='line_1_26' title="bbox 125 3959 1128 4076; baseline -0.001 -34"><span class='ocrx_word' id='word_1_185' title='bbox 125 3970 316 4069; x_wconf 87' lang='lat' dir='ltr'><strong>utriusque</strong></span> <span class='ocrx_word' id='word_1_186' title='bbox 342 3993 396 4046; x_wconf 85' lang='lat' dir='ltr'><strong>est</strong></span> <span class='ocrx_word' id='word_1_187' title='bbox 420 3998 528 4076; x_wconf 88' lang='lat' dir='ltr'><strong>quam</strong></span> <span class='ocrx_word' id='word_1_188' title='bbox 547 3970 725 4045; x_wconf 67' lang='lat' dir='ltr'><strong>&#39;citissime</strong></span> <span class='ocrx_word' id='word_1_189' title='bbox 751 3968 937 4069; x_wconf 84' lang='lat' dir='ltr'><strong>restingui:</strong></span> <span class='ocrx_word' id='word_1_190' title='bbox 975 3959 1128 4067; x_wconf 84' lang='lat' dir='ltr'><strong>uterque</strong></span> 
     </span>
     <span class='ocr_line' id='line_1_27' title="bbox 124 4091 1127 4208; baseline -0.006 -27"><span class='ocrx_word' id='word_1_191' title='bbox 124 4106 224 4181; x_wconf 89' lang='lat' dir='ltr'><strong>enim</strong></span> <span class='ocrx_word' id='word_1_192' title='bbox 249 4104 385 4196; x_wconf 80' lang='grc' dir='ltr'><strong><em>ὀλοαῖς</em></strong></span> <span class='ocrx_word' id='word_1_193' title='bbox 404 4106 566 4206; x_wconf 80' lang='grc' dir='ltr'><strong><em>μανίαις</em></strong></span> <span class='ocrx_word' id='word_1_194' title='bbox 586 4104 790 4208; x_wconf 79' lang='lat' dir='ltr'><strong>depugnare</strong></span> <span class='ocrx_word' id='word_1_195' title='bbox 812 4102 995 4181; x_wconf 85' lang='lat' dir='ltr'><strong>videmini.</strong></span> <span class='ocrx_word' id='word_1_196' title='bbox 1014 4091 1018 4100; x_wconf 46' lang='grc'><strong>’</strong></span> <span class='ocrx_word' id='word_1_197' title='bbox 1049 4103 1127 4202; x_wconf 84' lang='lat' dir='ltr'><strong>Ego</strong></span> 
     </span>
    </p>
   </div>
   <div class='ocr_carea' id='block_1_6' title="bbox 0 0 1478 5006">
    <p class='ocr_par' dir='ltr' id='par_1_6' title="bbox 0 0 1478 5006">
     <span class='ocr_line' id='line_1_28' title="bbox 0 0 1478 5006; baseline 0 2"><span class='ocrx_word' id='word_1_198' title='bbox 0 0 1478 5006; x_wconf 95' lang='lat' dir='ltr'><strong> </strong></span> 
     </span>
    </p>
   </div>
  </div>
 </body>
</html>
