2950 4998
301 399 392 480 ,124

316 590 354 662 hi
381 586 500 678 adhuc
534 583 642 662 credo
674 587 856 684 ignotum,
890 590 949 660 cui
973 589 1106 664 Silium
1136 592 1311 688 Italicum,

316 724 410 798 notis
431 720 576 820 ineditis
603 721 807 796 Heinsianis
833 723 1105 825 illustrandum,
1128 728 1214 828 quia
1232 727 1308 828 ipse

238 923 244 930 .
315 837 486 932 omnibus
511 884 586 932 uon
612 857 767 950 sufficio,
796 858 978 954 commisi,
1006 884 1042 936 et
1072 862 1137 964 qui
1168 862 1246 964 ipse
1268 888 1311 936 ex

267 1061 272 1070 .
314 993 461 1095 propria
484 1019 582 1092 penu
607 991 749 1091 aliquid
766 1015 934 1068 notarum
959 996 1113 1094 adjicere
1137 997 1257 1091 vellet,
1279 998 1311 1070 si

313 1129 476 1204 subsidia
518 1127 695 1229 quaedam
726 1129 939 1230 conquirere
975 1153 1097 1228 posset
1105 1123 1119 1228 ,Δ
1158 1154 1308 1234 optaret.

243 1331 245 1336 .
313 1264 428 1340 Periit
441 1264 473 1337 is
495 1291 515 1336 a
535 1290 611 1359 me,
643 1286 684 1338 ut
709 1265 879 1365 quoniam
907 1292 1016 1339 manu
1040 1266 1188 1343 exaratis
1209 1268 1310 1343 codi-

235 1466 240 1472 .
312 1401 415 1473 cibus
441 1385 624 1495 deficitur,
646 1397 823 1492 viderem,
843 1427 930 1473 num
951 1428 994 1476 ex
1015 1405 1146 1503 Anglia
1166 1404 1307 1504 aliquid

232 1601 238 1610 .
312 1535 436 1608 auxilii
468 1555 588 1634 posset
615 1533 757 1622 adferri.
810 1536 949 1608 Servari
980 1539 1076 1612 enim
1102 1538 1240 1614 Oxonii
1270 1540 1308 1612 in

289 1759 291 1774 Ι
313 1665 494 1769 Collegio.
516 1668 708 1768 Regineusi
742 1668 920 1744 Silianam
960 1671 1125 1766 codicem
1153 1701 1197 1748 ex
1218 1677 1309 1754 Ca·

312 1807 439 1908 {alogia
466 1804 574 1880 MSS.
599 1803 752 1902 Angliae
783 1833 933 1882 numero
957 1812 1032 1906 944
1060 1805 1217 1905 didicit,·¹
1240 1808 1306 1884 sed

234 1997 237 2018 ;
311 1971 397 2020 cum
419 1963 537 2043 neque
561 1939 625 2014 ille
645 1966 763 2037 neque
782 1967 849 2039 ego
872 1967 1079 2043 quenquam
1102 1946 1306 2036 noverimus

229 2139 232 2146 ,
311 2081 376 2180 qui
402 2077 496 2149 hanc
519 2103 666 2177 operam
695 2074 800 2149 uobis
822 2099 998 2176 praestare
1013 2102 1163 2180 posses,
1198 2079 1245 2154 ad
1267 2103 1302 2156 te

231 2269 236 2278 .
312 2212 555 2304 decurrimus,
585 2228 621 2282 et
652 2235 837 2308 rogamus,
865 2233 906 2286 ut
929 2212 987 2286 vel
1016 2241 1122 2312 prece
1146 2216 1203 2290 vel
1224 2245 1305 2318 pre·

310 2349 362 2424 tio
384 2347 541 2447 aliquem
563 2341 738 2440 irulucas,⁴
755 2344 819 2446 qui
842 2348 1072 2424 collationem
1102 2356 1177 2447 ejus
1202 2351 1304 2432 codi-

227 2533 233 2563 ι
310 2485 363 2558 cis
385 2509 470 2556 cum
490 2480 596 2555 editis
615 2480 801 2556 instituere
823 2478 941 2556 vellee
994 2471 1305 2584 Agnoscerescer·

310 2643 346 2695 te
367 2617 583 2700 beneficium
613 2617 651 2688 in
682 2641 756 2688 non
778 2615 957 2714 ingratum
981 2617 1168 2694 hominem
1183 2622 1304 2704 eolla·

306 2779 402 2831 ¹sum
473 2752 599 2827 Posses
631 2771 665 2824 et
695 2751 789 2824 forte
818 2749 857 2824 in
888 2751 1032 2851 privatis
1061 2754 1302 2850 bibliothecis,

221 2925 223 2930 ·
310 2919 407 2992 quae
428 2887 525 2990 apud
545 2914 607 2964 vos
622 2883 912 2960 instructissimae
934 2909 1035 2984 sunt,
1056 2888 1196 2992 aliquid
1205 2891 1309 2984 ’huic'

308 3026 473 3100 instituto
498 3021 599 3122 quod
619 3023 734 3126 facere
759 3041 896 3118 posset,
920 3021 1209 3132 deprehendere,
1235 3028 1300 3102 sed

305 3187 432 3239 uereor
454 3185 499 3230 ne
522 3157 721 3231 molestiam
748 3155 816 3228 tibi
845 3183 960 3258 aequo
986 3165 1159 3258 majorem
1182 3164 1299 3264 impo-

271 3321 441 3370 .uerem.
491 3292 573 3390 lpse
612 3316 768 3388 quoque.
790 3290 858 3364 nisi
888 3293 1001 3404 gravis
1017 3357 1022 3366 .
1036 3321 1111 3370 esse
1148 3319 1298 3397 vererer,

225 3474 229 3480 ·
307 3457 376 3532 pro
407 3454 465 3502 me
493 3447 603 3504 tuam,
623 3451 768 3524 operam
785 3453 1052 3527 :exposceremr
1073 3432 1104 3504 si
1133 3434 1224 3531 quid
1241 3435 1298 3509 vel

287 3569 346 3642 ..iu
372 3563 443 3640 tuis
464 3562 519 3636 vel
532 3559 889 3637 amicorumscriniis
910 3566 1100 3664 reperires,
1117 3596 1299 3667 'quocou-
1321 3569 1324 3576 ¹

307 3702 431 3774 silium
453 3723 593 3790 meum,
617 3701 718 3794 cujus
741 3697 778 3770 in
800 3720 963 3800 extrema,
976 3702 1207 3798 praefatione,
1223 3732 1298 3779 me·

225 3859 293 3935 itaq
308 3835 415 3928 mini,
438 3832 613 3908 Cataleeta
626 3816 1024 3926 ‚Verermn'Roerarum
1053 3835 1298 3938 locupletandi

306 3971 471 4065 adjuvare
509 3991 672 4064 posses...
707 3967 766 4041 Ad
803 3969 987 4045 Valerium
1018 4000 1162 4072 quoque
1193 3975 1224 4048 F
1229 3975 1299 4048 lac-

308 4132 426 4197 curu>¹
447 4102 485 4176 in
510 4129 617 4201 quom
643 4123 743 4176 notas
768 4090 907 4178 Heinsii
932 4107 1020 4210 olim
1045 4137 1127 4182 cum
1147 4092 1299 4208 publico
