2986 4980
543 611 610 714 Ep.
650 609 755 694 Vlll.

412 767 438 818 ι.
466 767 710 856 0..1οιιιιιιιε
734 777 762 821 s.
786 772 825 822 ι.·
841 769 878 822 n.
919 749 926 755 “
982 792 983 800 1

177 900 391 958 ,ιιοιιιιιιιιο
417 907 603 958 annrnnro
628 909 717 959 ιιιιο
740 883 851 959 sonna
874 899 1019 958 raanan
1042 889 1098 960 ιιι

436 1105 441 1120 ἱ
520 1043 772 1096 scammonia.
875 1034 883 1056 ⁹

135 1137 136 1146 ἵ
198 1149 440 1228 'Novissimas
466 1181 583 1251 meas,
621 1176 728 1230 testes
755 1154 923 1258 perpotiri
943 1156 1019 1230 'mci
1045 1156 1086 1230 in
1110 1171 1208 1242 te54

95 1367 98 1374 ¹
151 1284 266 1366 studii
289 1309 326 1361 et
352 1273 613 1384 observantiae,
649 1315 754 1390 spero
778 1291 848 1368 tihi-
873 1269 1031 1366 redditas
1059 1319 1146 1388 esse,

149 1419 283 1520 quibus
310 1423 439 1523 longae
470 1423 743 1498 intermissionis
775 1426 984 1500 litterarum.
1007 1427 1145 1502 crimen
1220 1433 1225 1438 ’

148 1582 228 1632 sum
254 1555 474 1654 deprecatus.
548 1559 589 1632 Si
613 1581 717 1660 potes
751 1582 834 1636 ate
862 1561 1072 1662 impetrare,
1104 1584 1148 1636 ut

147 1690 335 1766 confitenti
358 1721 421 1771 reo
445 1696 630 1794 ignoscas,
668 1716 704 1773 et
728 1697 822 1772 hona
846 1695 920 1770 fide
949 1667 1115 1770 radcas
1105 1726 1144 1770 m

146 1826 297 1932 gratiam
317 1851 402 1902 cum
421 1829 589 1926 homins,
630 1829 697 1928 qui
718 1850 753 1904 te
773 1830 863 1908 tanti
881 1830 995 1925 facitj
1015 1853 1060 1904 ut
1077 1831 1146 1905 tihi

144 1961 328 2076 neminem
353 1945 565 2066 anteponat,
608 1992 741 2067 paucos
772 1985 973 2066 comparet,
1014 1964 1155 2066 magno·

144 2119 254 2173 aestu
235 2097 413 2212 levabor
464 2101 623 2202 Accipis
628 2093 716 2175 hic
713 2127 775 2175 sex
796 2083 1025 2176 Rubenianae
1046 2129 1145 2177 com·

144 2232 394 2330 mactationis,
423 2235 492 2309 tria
520 2235 660 2310 antii·
682 2236 917 2335 carminum,-
941 2257 978 2311 ct
1016 2235 1147 2314 dissor-

145 2368 292 2444 tationis
328 2369 507 2446 Toinardi
537 2369 583 2445 de
616 2371 810 2446 Commodi
842 2393 953 2447 aetate
991 2371 1145 2454 totidem

146 2505 322 2606 exempla.
391 2507 449 2582 Dc
474 2506 623 2608 singulis
649 2507 680 2582 si
703 2505 920 2619 Asophiensi
949 2531 984 2583 ct
1012 2507 1146 2586 Norti-
1230 2509 1237 2528 ⁶

145 2639 247 2752 censi
272 2639 461 2743 Episcopis
486 2671 604 2718 unum
638 2671 721 2719 mco
759 2649 905 2719 nomine
942 2639 1145 2745 dignaberis

147 2777 294 2873 offerre,
321 2777 451 2879 pignus
476 2777 683 2880 singularis,
710 2810 780 2884 qua
801 2800 917 2880 tantos
941 2781 1037 2855 viros
1062 2807 1147 2882 pro·

147 2935 298 3012 sequor,
322 2913 605 3011 observantiae„
625 2937 687 2990 tua
712 2916 752 2988 in
777 2942 835 2990 mc
863 2914 989 2988 merita
1013 2915 1146 2988 mirum

144 3044 183 3120 in
207 3033 362 3125 modum
383 3051 541 3150 augebis.
593 3051 651 3125 De
671 3047 891 3124 Manethone
916 3078 1021 3154 spero
1045 3049 1144 3126 brevi

145 3203 180 3256 tc
211 3181 483 3259 intellecturam
515 3179 762 3286 exploratiora.
832 3184 1008 3288 Excerpta
1035 3187 1144 3281 raria-

145 3345 229 3391 rum
258 3318 457 3394 lectionum
490 3321 718 3415 Philostrati,
761 3347 852 3422 quac
878 3347 1031 3396 mecum,
1050 3313 1143 3397 'olim

145 3453 423 3532 communicavit
451 3457 660 3548 Franciscns
692 3455 842 3552 Junius,
885 3477 967 3530 sunt
998 3453 1143 3530 Codicis
1157 3472 1205 3543 55

146 3585 250 3687 Regii
271 3610 314 3664 ex
334 3591 562 3667 Bibliotheca
583 3593 622 3669 S.
640 3592 777 3670 Jacohi.
831 3587 954 3664 Varias
974 3589 1146 3712 lectiones

146 3721 293 3798 Manilii
321 3723 517 3826 Lipsiensis
540 3735 611 3827 jam
636 3751 786 3827 quoquc.
804 3723 943 3800 videbis
968 3751 1051 3798 cum
1075 3726 1147 3798 Ru·

146 3857 268 3936 henio.
315 3857 360 3932 In
386 3860 609 3937 Callimacho
637 3849 1009 3936 edendo'tcstudinco
1034 3859 1147 3957 gradu
1217 3913 1218 3922 ι

146 3993 352 4095 procedunt
365 4022 505 4100 oparae7
530 4018 571 4102 ut
587 3995 764 4097 quicquid
777 3994 825 4068 ad
838 3995 933 4069 hanc
948 3995 1144 4072 editionem

147 4129 347 4204 ornandam
368 4132 581 4228 contuleris·
598 4159 672 4208 non
693 4131 953 4230 intempestive,
973 4158 1026 4225 ac,
1044 4133 1144 4230 quod
