2950 4998
757 727 827 830 Ep.
857 725 983 802 XXX.

571 877 727 976 sonoros
765 921 950 976 esoncros
984 921 1166 978 ermerus

731 1111 733 1116 ,
794 1061 822 1108 s.
847 1058 881 1108 r.
907 1059 946 1110 n.
1243 1019 1247 1030 ¹

287 1185 357 1242 ιω
443 1195 689 1252 nrcnssno
723 1194 971 1266 annuero,
1002 1195 1111 1252 vrso
1134 1195 1291 1250 surano.

445 1341 593 1416 Litteris
620 1341 710 1437 tuis,
748 1368 838 1442 quas
875 1341 1072 1416 Februario
1105 1343 1290 1444 superiore
1316 1341 1367 1416 ad

370 1501 445 1570 me,
472 1477 632 1576 quamvis
655 1475 750 1553 nihil
772 1477 817 1550 iis
842 1475 1020 1578 acceptius
1044 1498 1080 1551 et
1101 1477 1256 1578 optatius
1277 1477 1368 1550 mihi
1441 1573 1443 1578 Ι

371 1611 490 1716 potuit
514 1613 654 1708 offerri,
690 1613 803 1708 serius
825 1611 1048 1715 respondeo,
1077 1639 1152 1686 non
1175 1609 1278 1714 quod
1302 1612 1368 1684 im-

370 1770 510 1820 mernor
531 1747 662 1820 fuerim
683 1747 812 1843 officii,
841 1745 906 1821 sed
927 1745 1029 1848 quod
1042 1742 1242 1845 Epistolam
1256 1747 1367 1842 illam,

370 1909 444 1990 qua
466 1881 643 1958 nonnulla
669 1881 875 1982 fragmentis
902 1879 1118 1978 Callimachi
1143 1878 1251 1980 adjici
1271 1883 1369 1958 vole·

370 2019 446 2114 bas,
472 2044 565 2117 quae
587 2041 653 2116 ego
674 2018 861 2116 prooemio
883 2015 1037 2110 inserui,
1061 2043 1145 2090 cum
1159 2022 1230 2115 jam
1247 2017 1369 2092 omnia

370 2173 487 2226 cetera
508 2151 602 2252 typis
625 2171 743 2226 essent
766 2139 954 2250 descripta,
980 2148 1045 2223 diu
1057 2150 1187 2225 frustra
1201 2148 1368 2251 quaesivi.

370 2275 449 2360 Nec
471 2285 569 2360 enim
592 2306 759 2386 exputare
779 2313 928 2389 possum
953 2284 1051 2360 unde
1076 2282 1158 2381 ills,
1190 2314 1294 2387 quae¹
1308 2308 1370 2360 tua

370 2447 477 2520 negas
502 2446 595 2516 esse,
635 2421 882 2524 excerpserim.
933 2420 1059 2522 Itaque
1090 2447 1164 2500 non
1196 2421 1371 2521 putabam
1462 2425 1463 2472 ³

370 2583 429 2636 nse
455 2577 537 2630 ante
562 2554 632 2634 tibi
654 2580 759 2653 posse
789 2555 1010 2651 satisfecere,
1041 2581 1151 2657 quam
1179 2553 1282 2666 illam
1313 2555 1370 2632 in·

369 2688 562 2792 spexissem
585 2687 791 2791 epistolam,
820 2711 856 2765 et
878 2715 965 2764 num
986 2717 1045 2768 me
1069 2689 1142 2764 mei
1164 2689 1274 2787 oculi,
1306 2712 1371 2766 aut
1461 2775 1462 2780 ,

370 2824 545 2902 memoria
570 2823 740 2904 fefellerit
764 2824 849 2902 inde
880 2823 1137 2928 cognovissem.
1196 2818 1370 2914 Quamris

368 2985 454 3036 vero
475 2987 550 3035 non
571 2960 738 3064 perierit,
773 2958 838 3061 qui
858 2959 979 3036 omnia
1003 2982 1064 3035 tua
1086 2957 1254 3035 custodio
1284 2957 1370 3036 dili·
1460 2981 1461 3062 ζ

369 3094 509 3196 gentius
529 3095 639 3194 nigris
658 3095 755 3188 uvis,
779 3095 900 3170 neseio
922 3115 1042 3170 tamen
1061 3095 1101 3172 in
1119 3113 1229 3194 quem
1249 3123 1287 3171 se
1299 3077 1371 3168 =an·

369 3229 495 3328 gulum
522 3227 763 3306 bibliothecae
794 3227 993 3325 abdiderit,
1032 3255 1076 3308 ex
1103 3256 1179 3328 quo
1202 3227 1371 3306 nondum
1459 3305 1460 3320 ,

369 3361 491 3469 potuit
522 3362 608 3442 erui.
659 3359 768 3437 Nunc
799 3369 873 3444 visa
901 3385 961 3440 tua
988 3363 1178 3441 novissima
1203 3363 1369 3464 epistola,
1459 3341 1460 3358 ³

370 3525 481 3600 quem
505 3497 642 3604 pridie,
672 3525 757 3576 cum
777 3524 824 3574 ex
848 3499 976 3577 itinere
995 3520 1179 3575 menstruo
1199 3499 1276 3613 fere
1302 3498 1370 3576 do·
1458 3555 1459 3566 r

286 3639 352 3715 103
368 3660 472 3714 mum
508 3631 735 3710 revertissem
769 3630 890 3709 inveni
927 3632 1028 3710 domi
1062 3659 1180 3729 meae,
1232 3632 1371 3708 diutius

368 3763 581 3846 cessandum
606 3793 681 3844 non
703 3765 803 3842 duxi.
861 3766 926 3843 Ad
950 3767 1109 3870 priores,
1144 3796 1213 3870 pro
1236 3768 1371 3870 quihus
1457 3805 1458 3810 ¹

368 3901 437 3980 tibi
461 3898 673 4002 δίδακτρον
696 3899 830 4010 debeo,
857 3903 957 3978 lrrevi
981 3899 1217 4005 respondebo.
1288 3902 1371 3982 Jam

370 4035 418 4115 ad
448 4035 532 4131 has,
577 4063 665 4134 ques
700 4059 748 4132 29
777 4035 915 4139 Aprilis
940 4037 1106 4133 exarasti,
1146 4037 1240 4112 haec
1265 4037 1370 4114 habe.

370 4175 412 4246 ln
443 4170 589 4274 litteris2
636 4197 723 4271 quas
747 4155 916 4272 'Londini
948 4173 986 4247 io
1017 4172 1166 4251 aedibus
1196 4171 1372 4274 Episcopi
