2918 5008
341 406 386 480 68

256 581 320 644 456
343 581 452 644 edatur
480 581 687 666 navigem
729 587 821 660 atqua
848 579 895 640 ita
922 580 959 638 in
987 579 1059 640 aliis
1084 581 1157 660 plus
1185 581 1351 640 sexcentis.

341 683 457 763 Hocsi
480 683 616 760 omittis,
646 691 677 743 at
697 690 876 764 praeterea,
912 681 1040 764 siquae
1065 693 1154 742 extra
1174 703 1270 742 omne
1294 683 1355 742 du·

340 789 428 852 biam
448 796 521 848 sunt
543 771 645 867 posita
666 785 702 845 in
729 794 819 848 textu
848 785 995 846 exhibere
1016 786 1163 866 negligis,
1200 785 1354 846 adnotes

336 893 479 974 tandem.
504 889 628 950 detrusa
663 888 771 969 (quod
803 908 821 949 a
848 888 1072 969 superstitiosis
1087 899 1090 907 '
1103 888 1289 969 quibusdam
1323 899 1355 948 et

340 995 462 1078 ignavis
490 991 558 1054 fieri
587 989 692 1070 amat)
720 989 804 1051 nihil
837 991 980 1073 proiecto
1014 992 1094 1072 agis,
1137 991 1193 1052 sed
1223 1012 1355 1073 operam

341 1099 508 1188 oleumque
533 1095 649 1181 perdis.
694 1091 835 1175 Denique
861 1095 922 1155 hoc
950 1116 1005 1156 oro
1034 1104 1065 1156 to
1095 1103 1189 1174 atque
1218 1095 1353 1154 obsecro

341 1182 440 1282 (qood
467 1178 560 1260 antia
585 1196 688 1258 facere
716 1197 862 1277 memini)
883 1207 919 1259 nt
940 1197 966 1258 ai
989 1175 1069 1278 puae
1092 1217 1134 1257 ex
1153 1197 1273 1255 nostris
1292 1197 1355 1255 tibi

256 1357 261 1362 .
340 1303 412 1362 usui
445 1301 579 1377 suerint,
623 1321 661 1362 ea
689 1299 725 1360 in
755 1300 839 1362 notis
868 1299 1030 1376 exhibeas,
1072 1320 1137 1359 non
1166 1301 1247 1358 meis
1277 1319 1354 1358 var-

340 1407 406 1486 bis,
446 1403 574 1465 nonnae
609 1401 649 1463 ad
683 1401 778 1464 finem
806 1404 909 1484 posito
937 1415 973 1464 ut
998 1403 1035 1463 fit
1061 1403 1097 1462 in
1124 1403 1208 1462 notis
1243 1402 1354 1462 vario-
1455 1461 1456 1466 ,

339 1529 431 1586 num,
456 1505 510 1568 sed
532 1503 610 1584 tuis,
631 1507 820 1567 narrationis
843 1503 988 1594 σχήματι,
1014 1507 1062 1564 sic
1082 1503 1223 1564 emendos
1249 1507 1355 1564 Bant-

339 1611 420 1670 taius
451 1619 528 1682 etc:
567 1621 599 1671 et
633 1609 754 1690 quoties
786 1611 1023 1690 castigationum
1056 1608 1193 1668 rationes
1229 1607 1353 1690 adjicis,

339 1734 405 1774 non
433 1712 511 1774 meis
539 1713 643 1774 verbis
672 1731 750 1792 quae
779 1709 832 1772 hic
858 1705 1094 1797 αὖτοοχεδιάζω,
1135 1711 1253 1786 utaris,
1295 1711 1353 1769 sed

339 1836 461 1881 memor
489 1813 688 1898 Epicharmi,
727 1810 812 1898 Εἶμα
842 1810 906 1889 doit·
933 1814 985 1878 καλ
1014 1808 1191 1898 πορφύραι,
1229 1805 1352 1897 λόγοισι

289 1906 292 1913 ’
339 1916 506 1986 ποικίλλων
534 1927 650 1999 σοφοῖς.
707 1915 784 1978 Vale
815 1917 1030 1978 charissimum
1059 1926 1167 1996 caput,
1211 1925 1244 1976 at
1270 1917 1351 1974 scito

340 2041 420 2102 quae
439 2029 629 2102 postremum
650 2017 729 2080 mihi
751 2021 938 2096 mandabas,
970 2039 1062 2078 curae
1084 2017 1164 2080 mihi
1183 2017 1263 2076 fora.

425 2122 667 2184 Brookbankius
697 2131 728 2182 et
755 2122 860 2182 Sikius
890 2132 922 2183 te
950 2121 1093 2181 salutant
1143 2119 1254 2180 Saluta
1277 2141 1350 2180 meo

338 2225 466 2308 nomine
488 2223 765 2286 Hemsterhusium.
804 2221 881 2284 Coll.
904 2223 992 2284 Trin.
1018 2222 1247 2304 cantabrigiae.
1282 2223 1351 2282 Au·
1455 2281 1456 2286 ,

339 2327 421 2408 gusti
442 2343 481 2386 ar
506 2325 580 2386 stilo
598 2335 705 2388 vetere
731 2327 822 2406 1708.

271 2415 274 2422 ’
425 2428 456 2508 ¹⁵)
477 2427 533 2490 His
554 2427 694 2510 scriptis,
714 2430 796 2490 sorte
817 2430 852 2490 in
873 2452 999 2492 manum
1020 2430 1090 2510 cepi
1111 2428 1261 2489 Palmarii
1281 2429 1351 2489 No-

338 2543 403 2613 tas,
439 2532 493 2593 ubi
517 2553 549 2614 p.
574 2531 643 2592 103.
675 2529 730 2612 [K.
752 2554 783 2594 v.
805 2535 877 2594 828.
899 2567 943 2580 -
961 2533 1012 2594 Br.
1037 2554 1067 2593 v.
1091 2529 1178 2612 aaa]
1207 2531 1350 2592 Nub'ssrns

340 2628 502 2721 Σωκράτης
521 2631 539 2699 ὅ
563 2630 691 2718 Μήλιος
711 2633 764 2700 sai
785 2636 970 2718 Χαιρεφῶν,
1003 2637 1048 2696 sic
1067 2634 1243 2730 distinguit,
1278 2639 1351 2698 Σω-

339 2731 471 2824 κράτης,
503 2730 520 2802 ὅ
544 2733 687 2820 Μήλιος,
714 2748 773 2824 etc,
793 2748 829 2798 ut
847 2747 909 2798 tres
929 2738 983 2798 hic
1003 2747 1170 2813 notentur,
1192 2736 1348 2818 Socrates,
1452 2781 1454 2798 ι

223 2876 230 2892 ·
340 2839 508 2929 Diagoras,
546 2839 759 2920 Chaerephon.
800 2840 966 2920 Perperam
1004 2841 1082 2901 haec
1116 2841 1168 2900 vir
1201 2841 1349 2922 optimus.

339 2941 444 3004 Primo
479 2942 528 3004 vis
568 2941 718 3022 quaedam
753 2941 789 3002 fit
824 2943 978 3021 orationi,
1020 2953 1052 3002 et
1078 2943 1258 3024 ambiguum
1286 2945 1351 3003 erit

339 3039 565 3132 ἀθεράπευτοι.
617 3044 739 3104 Deinde
769 3043 945 3125 Stephanus
972 3043 1140 3134 Byzantius
1168 3046 1206 3104 in
1232 3043 1349 3130 Μῆλος
1451 3057 1452 3060 ’

340 3151 455 3211 diserte
480 3149 610 3210 affirmat
639 3146 796 3208 Socratem
825 3146 879 3207 hic
910 3141 1039 3232 Μήλιον
1069 3147 1142 3206 dici.
1192 3146 1348 3227 Denique,

340 3250 487 3330 Diagoras
512 3250 577 3330 jam
607 3250 647 3309 ad
677 3251 782 3330 plures
812 3251 949 3326 abierat,
985 3271 1086 3330 nequa
1106 3248 1229 3308 Socrati
1253 3259 1348 3310 notus

340 3373 406 3418 esse
435 3352 547 3432 potuit.
606 3350 765 3412 Postremo
792 3373 898 3412 sensns
927 3353 962 3411 in
991 3360 1117 3432 recepta
1143 3351 1349 3412 distinctione

338 3455 505 3518 facillimus
528 3462 589 3528 est,
627 3448 790 3540 Σωκράτης
810 3451 827 3518 ὅ
849 3448 992 3538 Μήλιος,
1018 3454 1136 3531 idest,
1169 3454 1251 3515 alter
1271 3453 1349 3515 Dia-

340 3579 449 3640 goras,
479 3557 557 3618 alter
578 3553 703 3617 Atheus.
726 3619 728 3624 ,

340 3703 550 3726 ἸΨ-...Ιπ-

1448 3731 1451 3820 ι

408 3794 432 3862 “)
464 3795 558 3867 (Quae
577 3807 754 3867 sequuntur,
784 3792 847 3868 ipsa
864 3790 994 3848 Bentleii
1005 3811 1098 3871 manu
1117 3791 1232 3864 adjecta
1253 3791 1343 3861 aunt)

736 4039 958 4066 *m
