2950 4998
712 681 781 784 Ep.
814 679 935 756 XLll.

244 845 312 932 ¹57
405 859 512 914 vtuo
548 859 699 911 sunno
740 853 982 908 arenauno
1020 854 1247 919 surrento

748 999 777 1044 s.
802 993 835 1045 r.
862 994 899 1042 n.

440 1133 642 1184 JOANNES
676 1129 917 1182 GEORGIUS
948 1126 1196 1205 GRAEVIUS,

406 1281 549 1368 Quanta
572 1279 753 1382 voluptate
783 1299 865 1354 tuae
888 1274 1207 1354 desideratissimae
1226 1270 1323 1346 litte·

325 1441 398 1504 rae,
419 1435 518 1490 tanto
537 1415 670 1490 rubore
684 1441 743 1490 me
758 1410 919 1512 perfudit
930 1439 1008 1490 mea
1021 1410 1215 1504 cunctatio,
1235 1433 1323 1480 cum

324 1571 399 1626 tam
430 1571 594 1651 acceptae
625 1551 796 1650 epistolae
824 1571 899 1626 tam
931 1547 1000 1624 diu
1027 1568 1237 1648 responsum
1259 1542 1323 1616 de⁴

324 1687 406 1762 beo.
461 1684 601 1764 Irascor
627 1683 721 1759 mihi
752 1687 830 1788 ipse
861 1705 899 1762 et
924 1681 1082 1760 detestor
1112 1680 1207 1754 hanc
1237 1703 1329 1778 pro-

324 1820 627 1900 crastinationem.
676 1820 722 1896 ln
748 1835 933 1921 posterum
953 1824 1088 1916 majore
1109 1815 1233 1890 studio
1254 1809 1325 1884 tibi

324 1958 489 2059 probabo
510 1984 628 2032 meam
645 1957 733 2032 inte
752 1954 909 2032 colendo
927 1951 1195 2030 observantiam.
1245 1946 1330 2020 Ho-

324 2092 455 2168 ratium
485 2111 589 2166 tuum
618 2107 772 2192 expecto
790 2090 1002 2204 avidissime.
1053 2086 1149 2164 Nam
1179 2083 1324 2158 existis

324 2223 580 2327 pulcherrimis
593 2227 871 2326 speciminibus,
892 2253 1048 2328 quorum
1066 2221 1159 2296 mihi
1180 2220 1325 2320 copiam

324 2359 459 2458 fecisti,
481 2361 588 2436 facile
608 2361 701 2438 mihi
722 2361 826 2438 licuit
842 2385 1083 2462 cognoscere,
1105 2377 1238 2458 quanta
1257 2356 1326 2428 bo-

234 2485 236 2490 ’
324 2517 454 2572 uarum
485 2523 608 2588 rerum
640 2497 764 2572 messis
792 2497 838 2572 sit
861 2494 1084 2598 expectanda
1104 2493 1225 2568 intua
1246 2489 1326 2564 edi·

112 2602 117 2612 .
323 2629 435 2706 tione.
492 2628 647 2706 Dudum
680 2633 822 2733 saepius
854 2631 984 2708 harum
1011 2655 1132 2706 rerum
1154 2653 1229 2701 non
1256 2627 1325 2698 im-

323 2765 450 2867 peritis
481 2766 624 2844 laudavi
650 2792 726 2841 nou
759 2773 1022 2866 conjecturam,
1060 2763 1125 2838 sed
1155 2759 1325 2838 emenda·

325 2899 462 2976 tionem
483 2922 583 3012 tuam
606 2901 841 2980 certissimam
864 2902 902 2977 in
924 2902 1009 2977 loco
1033 2897 1177 2973 Horatii
1201 2923 1246 2970 ex
1257 2897 1326 2968 Ar·

235 3030 241 3036 ’
325 3057 383 3132 te,
422 3067 531 3138 quam
561 3035 757 3138 prodidisti
779 3037 821 3112 in
843 3035 952 3114 Notis
981 3033 1029 3110 ad
1049 3031 1326 3112 Callimachum.

327 3171 418 3244 Eam
444 3173 507 3273 qui
528 3169 626 3246 videt
653 3193 691 3246 et
714 3200 789 3246 non
813 3173 961 3274 probat,
992 3171 1025 3248 is
1050 3170 1090 3244 in
1119 3169 1177 3242 his
1198 3167 1328 3241 litteris

328 3304 470 3378 caecior
494 3326 548 3379 cst
568 3306 693 3406 quavis
714 3305 822 3408 talpa.
876 3307 979 3398 Quid
998 3304 1096 3381 enim
1120 3325 1226 3378 torno
1241 3330 1328 3376 cum

328 3437 491 3513 incude?
540 3437 626 3531 Non
655 3440 828 3516 incertior
860 3462 914 3516 est
937 3447 1141 3540 conjectura
1174 3439 1248 3514 loci
1277 3463 1327 3513 ex

246 3571 392 3648 rstlib.
407 3572 438 3647 1.
469 3601 578 3650 carm.
595 3579 656 3653 25.
709 3575 897 3673 Rationes,
932 3575 1062 3677 quibus
1090 3573 1267 3648 adductus
1287 3601 1330 3648 es

331 3705 380 3780 ad
410 3709 701 3787 constituendum
734 3709 833 3784 hunc
858 3712 1001 3808 locum,
1029 3713 1155 3784 firmae
1186 3730 1269 3783 sum
1291 3731 1331 3783 et

330 3840 522 3941 indubiae,
558 3847 718 3946 quamvis
756 3844 988 3923 adversentur
1027 3845 1116 3921 editi
1151 3867 1188 3918 et
1217 3873 1331 3918 manu

331 3979 463 4057 exarati
495 3980 659 4082 plerique
683 3954 841 4074 omnes„
875 3981 918 4056 ln
947 4009 1056 4058 carm.
1072 3987 1131 4056 55.
1165 3981 1332 4079 ejusdem

331 4111 435 4210 libri,
455 4115 545 4190 meis
564 4142 719 4218 quoque·
731 4119 879 4194 auribus
900 4119 1012 4217 magis
1036 4115 1223 4193 blanditur
1244 4121 1334 4192 Scr-
