2986 4980
1136 389 1160 461 7

103 637 109 642 .
153 569 256 652 Num
289 567 400 642 etiam
432 595 521 640 cum'
549 561 610 640 his
641 567 774 641 chartis
801 567 1009 668 deportatus
1035 576 1160 651 estad

154 731 219 784 vos
245 704 535 808 commentarius·
556 704 725 780 Gevartii
756 703 794 778 in
817 706 1049 781 Antoninum
1075 717 1159 811 περὶ

154 842 304 920 ἑαυτοῦ
311 899 325 932 ,
382 839 451 912 cni·
488 865 554 939 per
587 862 747 920 'omnem
798 840 907 914 vitam
953 842 1161 920 insudavit?

157 975 308 1052 Summe
333 953 536 1056 'reverendo
564 975 746 1076 Episcopo
772 973 997 1052 =N0rvicensi
1019 980 1050 1050 si
1080 1007 1160 1054 mea
1180 1055 1182 1060 ,

157 1110 298 1206 studia,
335 1109 614 1209 observantiam,
654 1130 690 1182 et
730 1110 946 1209 obsequium
975 1111 1159 1210 detuleris,

156 1249 268 1346 eique
292 1240 581 1346 gratiasstegeiis,
613 1271 685 1344 pro·
705 1245 953 1349 acceptissimo
978 1243 1079 1322 dono
1102 1274 1160 1323 va-

156 1385 295 1458 aarum
316 1355 516 1478 ricuinum
536 1379 577 1451 ii
598 1375 706 1452 iiii-it
722 1378 990 1482 philosophicis
1015 1384 1160 1460 ciceio-

159 1518 236 1604 nis,
263 1516 422 1589 multum
440 1533 481 1588 te'
496 1515 635 1589 amabo.
689 1517 842 1588 Gratum
862 1543 922 1629 me
938 1519 1159 1618 cognoscetis
1173 1527 1197 1594 8
1221 1487 1227 1512 ⁵

158 1674 361 1755 vestrorum
385 1650 424 1723 in
448 1678 510 1726 me-
531 1673 569 1724 et
594 1649 762 1724 Tullium
780 1650 991 1726 meritorum
1013 1682 1163 1754 praeco-

158 1815 256 1862 nem.
320 1784 511 1860 Orationes
539 1813 634 1858 nunc
677 1806 841 1858 exercent
874 1790 1008 1884 proela.
1082 1772 1166 1862 Has
1208 1872 1209 1877 ἵ
1282 1809 1290 1826 ‘

159 1923 365 2022 excipient,
396 1921 550 1996 siluero
582 1941 777 2020 superstes,
818 1947 909 2018 quae
931 1921 971 1992 in
991 1921 1160 1997 Philoso-

72 2067 75 2072 ’
157 2057 246 2160 phia
263 2057 468 2134 elaboravit.
511 2046 582 2132 'Ad
596 2049 725 2128 concta
746 2055 821 2128 fere
846 2053 1032 2131 Ciceronis
1049 2085 1162 2158 opera

157 2179 397 2294 perpolienda
412 2177 481 2290 'fui‘
496 2189 705 2263 instructior
729 2217 838 2301 (stiam
861 2190 908 2264 ad
930 2191 1020 2265 haec
1033 2191 1163 2266 Philo-1
1270 2263 1273 2268 .

158 2327 344 2428 sophica·
373 2325 498 2426 Itaque
522 2349 663 2398 summo
691 2351 798 2424 opere
819 2325 1001 2424 gaudebo,
1037 2325 1069 2398 si
1092 2353 1158 2426 per

158 2490 221 2540 vos
241 2459 335 2534 mihi
356 2460 499 2534 licuerit
521 2484 596 2533 esse
612 2458 781 2556 paratiori
802 2461 846 2532 ab
860 2460 904 2534 iis
918 2460 1046 2560 copiis,
1070 2487 1158 2561 quas

158 2596 208 2672 ad
236 2597 330 2670 hanc
362 2594 472 2668 telam
504 2591 740 2667 detexendam
774 2593 951 2670 desidero.
1011 2597 1065 2671 In=
1082 2594 1160 2669 edi·
1267 2624 1269 2635 ·

159 2733 259 2805 tione
280 2757 373 2804 nova
394 2728 608 2803 Philostrati·
628 2728 834 2828 adornanda
859 2753 894 2806 te
916 2753 1034 2807 totum
1059 2741 1181 2823 nnuc·

160 2891 237 2940 esse
255 2864 405 2965 gaudeo.
460 2862 556 2934 Usus
580 2891 670 2936 sum
695 2863 800 2937 olim·
815 2841 973 2942 editione
996 2864 1160 2950 Juntina,
1259 2909 1268 2922 ›

160 3027 270 3100 quam
297 3027 380 3072 curu
409 2995 539 3071 codice
560 2997 773 3071 Britannico
799 2999 1024 3074 commiserat
1051 3004 1165 3074 Fran-

158 3134 274 3208 cisous
296 3133 442 3215 lunius,
490 3116 592 3219 Quae
619 3130 854 3233 discrepantis
870 3136 915 3207 ab
939 3134 1163 3210 editionibus.

158 3269 354 3370 scripturae
377 3270 539 3366 exempla
559 3266 651 3341 mihi
674 3266 866 3369 descripsi,
890 3270 1016 3344 sinon
1037 3270 1158 3362 habes,

159 3405 242 3478 usui
267 3426 386 3478 tamen
412 3403 481 3476 tibi
504 3403 628 3475 futura
649 3424 769 3501 putas,
808 3387 1083 3502 communicabo
1106 3425 1157 3476 te·

162 3567 243 3614 cum
271 3539 337 3614 ubi
359 3538 512 3638 jusseris,
560 3535 661 3610 Num
685 3539 793 3612 etiam
817 3561 1014 3626 novaeaut
1039 3565 1163 3612 emen*

161 3673 261 3749 datae
282 3675 439 3749 versioni
460 3670 639 3746 accedent
656 3673 787 3744 notae?
839 3674 896 3746 De
919 3673 1103 3774 Hesychio
1124 3693 1175 3744 et.¹

159 3807 312 3884 Polluce
336 3809 433 3880 alias.
491 3803 734 3880 Callimachus
760 3807 828 3880 filii
853 3809 940 3902 mei,
969 3829 1165 3905 antequam
1233 3824 1273 3898 j

158 3946 311 4040 obierat,
337 3943 457 4042 coepit
475 3942 568 4043 typis
586 3939 759 4026 niaudari.
809 3943 977 4043 Pergunt,
1002 3941 1066 4032 sed
1083 3943 1164 4014 len-

157 4079 320 4154 tissime...
358 4077 556 4178 Separatini
576 4076 703 4158 ceteris
725 4077 877 4182 addetur
896 4080 1106 4176 luculentus
1126 4098 1166 4148 et
