2986 4980
346 438 379 512 ’4

354 623 457 726 quod
481 652 533 698 ex·
550 625 730 727 insperato
758 624 858 698 iltius
881 643 1034 700 occursu
1059 627 1260 726 capiebam,
1287 653 1353 706 ¹ett-

352 749 539 834 mutabant
561 789 653 862 quae
677 760 769 834 mihi
792 759 913 833 statim
935 756 981 832 de
1002 779 1039 836 te
1060 789 1202 837 narrare
1219 767 1351 866 eoepit.

340 897 486 973 ¹Plenus
507 898 621 992 enim,
647 919 689 971 ut
712 897 766 970 sie
787 893 925 990 dicam,
951 895 1023 990 tui,
1057 883 1108 970 ite
1132 907 1191 974 ine
1209 923 1352 1000 ceperat

340 1034 597 1136 ¹pulcherrime
618 1033 762 1106 illatus
783 1029 997 1132 disputatio,
1028 1057 1123 1130 quse
1146 1056 1220 1108 tem
1237 1037 1352 1112 multe

292 1193 295 1200 ·
349 1171 551 1272 praeclare,
569 1188 642 1242 tem
663 1168 778 1240 multe
800 1163 984 1242 recondite
1008 1193 1076 1242 nos
1099 1168 1282 1264 docuerrt,
1308 1193 1350 1245 ut

351 1327 448 1380 totus
467 1305 505 1378 in
526 1303 589 1377 ille
609 1301 747 1376 defixus
767 1299 813 1376 de
834 1301 936 1375 nulla
954 1303 1125 1402 remugis
1143 1304 1351 1406 cogitarem,

353 1439 399 1512 de
432 1441 533 1515 nulle
558 1436 729 1543 libentius
748 1439 922 1538 loquerer
952 1435 1051 1538 apud
1074 1437 1242 1516 homines
1273 1469 1349 1514 nou

351 1575 537 1676 impolitos
570 1601 678 1673 quem
708 1571 755 1646 de
784 1595 838 1668 te,
871 1571 918 1647 de
938 1593 1004 1648 tuo
1023 1574 1196 1675 ingenie
1214 1597 1251 1650 et
1284 1573 1350 1650 do·

311 1709 480 1804 fiutrine,
522 1730 561 1783 ut
587 1707 761 1786 videreris
786 1735 861 1784 nou
894 1707 1008 1784 mod'e
1040 1708 1080 1784 in
1103 1711 1245 1800 animo,
1283 1709 1350 1786 sed

349 1845 447 1919 etin
471 1872 534 1920 ore
553 1845 637 1920 ineo
659 1841 833 1920 habitare.
894 1843 1053 1922 Mirifice
1073 1845 1173 1918 enim
1196 1843 1349 1946 gaudeo,

342 1980 413 2061 ubi
434 1980 539 2055 video
556 2002 792 2072 succrescere,
816 1978 880 2078 qui
899 1980 951 2052 rei
964 1978 1156 2054 litterariae
1177 1982 1252 2055 fere
1273 1983 1349 2055 eol·

347 2078 484 2214 lausum
498 2112 708 2212 dignitatem
729 2111 902 2188 sustinere
923 2115 1063 2215 possint
1082 2137 1117 2190 et
1137 2143 1347 2217 propagare,

346 2277 431 2322 cum
459 2245 583 2349 paucis
612 2245 712 2320 aunis
742 2247 937 2348 plerosque
965 2277 1089 2324 omnes
1115 2250 1347 2345 amiserimus,

347 2384 411 2482 qui
440 2409 521 2479 eum
554 2381 718 2456 solebant
755 2383 857 2456 tueri.
928 2386 1022 2459 Cum
1049 2385 1236 2460 Cramerus
1259 2413 1345 2472 ‚nou

342 2517 450 2617 lenge
474 2489 558 2619 ¹post
580 2539 656 2590 tuas
676 2539 859 2616 promeret
880 2545 922 2596 ee
945 2519 1038 2594 mihi
1060 2520 1228 2597 redderet
1249 2522 1346 2596 litte·

218 2743 220 2748 Ι
340 2681 408 2748 res,
431 2655 538 2753 plane
560 2652 846 2752 triumphem,
866 2652 1031 2754 mihique
1053 2657 1273 2756 gratulabar,
1294 2677 1343 2752 te,

341 2818 450 2888 quem
470 2794 560 2864 tanti
582 2788 693 2882 facio,
715 2787 808 2860 mihi
832 2786 879 2860 ad
900 2789 1095 2898 amicitiem
1115 2813 1213 2866 tuam
1234 2791 1344 2885 ultre,

342 2925 444 3024 quod
467 2931 640 3022 majorem
663 2922 880 2998 in'modum
906 2925 1093 3024 optabam,
1125 2927 1221 3001 fores
1245 2943 1345 3028 pite·
1444 2937 1447 2944 '

339 3060 482 3153 fecisse',
513 3086 597 3131 cum
626 3059 875 3154 testificatione
900 3087 1041 3134 summa
1074 3061 1233 3161 prolixae
1258 3084 1342 3137 tuae

339 3197 378 3269 iu
402 3221 460 3269 me
484 3193 686 3270 voluntatis.
739 3191 1048 3296 Nullumgretius
1064 3225 1084 3270 a
1099 3205 1228 3297 mageo
1244 3198 1342 3299 Rege

336 3325 430 3404 mihi
456 3325 589 3402 deferri
619 3328 739 3429 potuit
759 3332 980 3432 congiarium
988 3369 1003 3427 ,¹
1037 3359 1149 3433 quem
1177 3334 1343 3430 quotttu

336 3463 447 3541 mitri*
463 3463 626 3539 detulisti
657 3467 712 3538 tui
745 3467 876 3542 amoris
909 3495 1054 3548 munus.
1112 3467 1238 3544 Velim
1258 3469 1342 3546 tihi

334 3622 545 3700 persuasum
570 3598 633 3694 sit,
668 3621 705 3675 et
724 3602 966 3702 exploratum,
988 3603 1152 3679 omnium
1171 3629 1341 3683 curantur
1460 3685 1463 3690 ,

333 3712 431 3804 mihi
461 3729 602 3834 semper
630 3736 812 3828 futuram
831 3739 1137 3839 antiquissimam,
1179 3760 1221 3812 ut
1252 3741 1341 3813 emi-

335 3866 481 3960 citiam,
524 3879 634 3968 quam
680 3871 882 3972 auspicato,
928 3875 980 3947 sic
1027 3874 1194 3984 augurari
1236 3876 1340 3970 libet,

337 3997 503 4096 iniimus,
535 4024 637 4076 tuear
657 4007 758 4078 omui
781 4007 904 4082 studio
933 4031 969 4084 et
989 4009 1119 4084 officio.
1181 4009 1242 4084 De
1260 4011 1348 4084 Mu«

336 4134 430 4218 uilio
458 4138 674 4214 illustrando
707 4161 743 4214 te
775 4141 934 4242 cogitare
962 4169 1046 4216 saue
1072 4167 1183 4244 quem
1202 4147 1370 4232 iretur„
