2950 4998
345 435 419 510 116

344 651 416 727 qua
433 623 676 723 quadraginta
702 639 857 720 quatuor
889 645 999 695 anuos
1025 623 1097 695 vixi
1123 625 1345 720 conjunctis-

344 761 455 852 sime,
482 758 609 853 amisi,
639 781 716 830 nou
746 756 850 828 licuit
880 775 1065 830 excutere:
1095 755 1198 855 quod
1223 777 1345 830 tamen

342 921 448 997 spero
469 921 528 968 me
548 889 763 994 propediem
787 891 985 982 facturum,
1012 891 1094 964 etsi
1114 892 1205 990 quid
1218 895 1259 966 in
1279 895 1346 966 ob-

294 1069 296 1074 ·
342 1029 601 1108 servatiouibus
628 1027 718 1100 meis
738 1026 928 1122 invenero,
962 1025 1065 1126 quod
1097 1025 1248 1126 dignum
1268 1028 1346 1101 exi·

341 1166 484 1240 stimem
514 1162 589 1238 tuis
611 1160 744 1255 oculis,
767 1181 887 1235 tecum
910 1162 1208 1253 communicabo,
1230 1191 1345 1263 quan-

342 1303 453 1402 quam
477 1300 537 1375 vix
561 1323 637 1371 esse
657 1319 799 1398 putem,
829 1295 933 1397 quod
959 1318 1059 1372 tuam
1087 1297 1285 1372 sollertiam
1306 1321 1346 1372 et

340 1423 638 1537 perspicuitatem
669 1433 842 1533 effugerit.
893 1433 1206 1508 Excellentissimo
1238 1431 1345 1508 Prae-

341 1570 413 1642 suli
435 1566 651 1644 Norvicensi
672 1595 805 1668 quaeso
827 1589 869 1642 ut
890 1595 1008 1642 meam
1032 1569 1293 1644 observantiam
1306 1591 1345 1642 et

341 1703 461 1781 officia
491 1702 638 1780 deferas.
700 1708 788 1801 Ejus
804 1713 962 1779 'tomum
994 1701 1344 1801 Philosophicorum

340 1838 534 1914 Ciceronis,
553 1867 636 1912 cum
657 1837 765 1915 MSS.
789 1839 980 1934 collatum,
1009 1835 1237 1937 quem'mihi
1259 1858 1343 1910 ante
1407 1864 1410 1868 ·

340 1996 395 2050 tot
425 2003 539 2052 annos
571 1974 749 2094 utendum
771 1974 990 2074 perbenigne
1019 1972 1222 2067 commisiu
1258 1971 1343 2044 dili·
1406 1987 1418 1996 ··

338 2110 547 2211 gentissime'
566 2136 680 2187 servo.
714 2109 835 2182 ‘Eum
861 2128 933 2182 tam
962 2106 1028 2182 diu
1045 2109 1205 2201 servavi,
1239 2107 1342 2206 quod
1412 2130 1416 2138 ·

339 2269 482 2345 semper
509 2269 635 2316 manus
672 2242 760 2318 huie
798 2243 892 2342 parti
926 2242 1111 2319 Ciceronis
1148 2241 1342 2320 admovere

235 2368 238 2377 ¹
338 2378 528 2473 constitui,
554 2376 620 2452 'sed
642 2377 728 2453 Vita
750 2400 787 2453 et
808 2383 878 2454 Res
906 2380 1037 2454 Gestae
1061 2378 1250 2454 Guilielmi
1271 2377 1342 2451 Re·

337 2483 393 2613 gis
411 2515 470 2588 ine
486 2515 533 2588 ab
546 2513 615 2590 hac
640 2543 725 2590 eura
749 2513 976 2614 aliquamdiu
990 2531 1203 2589 averterunt.
1229 2512 1341 2588 Nunc

339 2634 594 2724 deseribendas
620 2651 739 2726 'varias
759 2648 926 2725 mandavi
948 2649 1086 2746 juveni,
1121 2673 1167 2722 ue
1196 2647 1342 2746 longius

336 2789 433 2885 justo
453 2785 651 2859 retibeatur
671 2763 734 2860 bie
753 2785 858 2858 liber.
908 2783 1078 2860 Proximo
1097 2809 1196 2877 vere,
1215 2803 1259 2856 ut
1270 2784 1341 2858 sul·

335 2945 401 2995 rus
431 2939 468 2994 et
503 2920 695 2996 incolumis
727 2921 824 2996 Viro
851 2919 1000 2994 Summo
1038 2918 1211 2998 reddatur
1246 2916 1343 2990 mibi

336 3047 406 3128 erit¹
430 3081 547 3130 curae.
599 3055 695 3130 Nam
721 3057 788 3130 iste
811 3056 943 3149 homo,
971 3061 1072 3154 eujus
1105 3031 1215 3154 opera
1236 3079 1337 3128 nunc

335 3197 421 3260 utor
447 3187 487 3260 in
517 3189 589 3264 hoc
630 3191 727 3266 libro
756 3190 981 3292 excerpendo
1014 3189 1149 3264 lentior
1186 3211 1259 3283 est,
1299 3212 1339 3264 et

335 3319 548 3396 aliis'etiam
572 3326 724 3424 negotiis
746 3324 994 3400 distrahitur.⁸
1024 3325 1150 3398 Alium
1172 3351 1256 3398 vero
1280 3325 1338 3398 in·

332 3455 468 3532 venire'
486 3457 546 3532 bic
564 3485 648 3532 ⁸non
678 3465 792 3561 potui.
845 3460 944 3548 Quin
978 3459 1010 3534 si
1040 3457 1131 3557 quid
1153 3459 1245 3532 mibi
1266 3460 1338 3533 bu·
1396 3474 1403 3482 '

315 3591 488 3668 ¹manitus
515 3575 707 3685 aeciderit,
737 3591 890 3668 heredes
919 3615 1038 3668 tamen
1069 3593 1141 3666 mei
1171 3615 1212 3668 ut
1237 3616 1337 3670 recte

246 3729 479 3805 uocaretur
511 3728 559 3803 ad
588 3756 652 3805 vos
669 3730 809 3806 TCicer'o
839 3728 1051 3832 providebo.
1116 3728 1155 3802 ln
1186 3729 1337 3806 novissi-

333 3864 402 3934 mis
424 3863 553 3938 litteris
579 3865 668 3938 meis
684 3863 882 3939 'meministi
907 3864 1081 3962 epistolae
1105 3861 1266 3962 Neooori
1285 3865 1337 3938 ad

296 4040 299 4045 -
333 4023 392 4070 me
419 3999 590 4099 scriptae,
621 3997 688 4072 sed
713 4025 824 4096 quam
849 3997 971 4105 nullus
1001 3997 1085 4073 vidi.
1118 3998 1228 4094 'Ejus
1249 3999 1336 4074 Sui-
1397 4016 1402 4021 ·

334 4128 419 4210 dam
443 4135 539 4224 belle
554 4131 750 4234 procedere
769 4133 873 4232 valde
889 4135 1011 4208 laetor.
1048 4131 1336 4237 'Amsterod'aini
