2918 5008
1097 371 1147 436 75·
1303 461 1305 474 Ι

131 540 203 602 viro
226 539 569 622 exspectabatur,·non
591 538 718 613 fecisse,
740 551 774 599 ut
797 541 871 619 quid
894 543 1082 606 laudandum
1104 547 1140 607 in

132 644 277 704 Bentleio
306 652 397 721 atque
425 641 628 718 imitandum,
669 642 744 722 quid
773 655 877 704 autem
907 646 1141 726 reprehenden-
1178 707 1179 712 ,
1204 631 1206 634 ¹

133 733 209 806 duni
231 756 262 804 et
280 745 442 826 vitandum
466 755 560 824 esset,
584 739 769 806 ostenderet.
812 739 853 805 Et
871 749 1014 826 quamvis
1034 762 1143 829 putem·

133 865 258 909 caussas
281 848 372 906 ilium
395 847 540 926 quasdam
563 847 719 921 habuisse,
750 869 844 928 quare
863 851 939 910 haec
958 871 1024 953 nep
1043 853 1141 912 attiu-
1181 877 1183 885 ’

133 961 235 1032 geret,
257 950 466 1032 'tamen‘quod
484 955 514 1028 p'.
535 951 587 1012 54.
609 951 647 1008 de
669 950 696 1010 T
697 953 808 1010 ereutii
829 952 966 1012 editione
986 953 1141 1033 judicium

133 1053 258 1134 posuit,
283 1053 434 1132 ejusmodi
459 1062 522 1126 est,
541 1061 681 1118 uttanto
696 1055 814 1134 magis,
838 1052 913 1132 quid
932 1055 1009 1119 mihi
1031 1058 1142 1118 videa-

133 1166 203 1232 tur,
226 1155 393 1214 dicendum
418 1145 549 1229 ducam,
568 1175 627 1234 quo
649 1155 750 1236 major
771 1142 864 1235 hujus
883 1158 945 1216 viri
967 1159 1049 1238 apud
1072 1181 1142 1220 om-

134 1279 193 1318 nes
216 1257 381 1317 auctoritas
402 1265 454 1315 est.
498 1257 551 1314 Ait.
572 1266 675 1315 autem
697 1258 790 1316 etiam
812 1259 847 1317 in
867 1259 959 1340 hujus
981 1262 1142 1342 scriptoris

133 1355 274 1421 editione
296 1355 472 1420 Bentleium
494 1357 613 1436 aliquot
639 1359 770 1418 audaces
799 1370 830 1418 et
857 1365 1034 1424 temerarias
1065 1387 1142 1425 con-

133 1465 269 1546 jecturas
300 1483 386 1521 more
410 1463 467 1520 illo
491 1479 600 1540 parum
624 1480 696 1520 sane
716 1463 882 1545 laudando.
896 1467 1071 1528 intextum
1089 1471 1143 1528 ina

103 1629 108 1640 ,
132 1567 262 1640 tulisse,
283 1565 336 1624 sed
357 1574 476 1641 tamen,
501 1564 554 1642 qui
574 1563 702 1644 posthac
722 1563 761 1622 ad
784 1553 931 1625 Terentii*
947 1559 1185 1632 emendatio-4

134 1691 210 1729 nem
225 1666 375 1728 accessuri
387 1667 466 1740 sint,
488 1667 586 1725 multo
600 1666 747 1743 pauciora
762 1667 945 1730 inventuros
961 1693 1026 1732 esse
1035 1718 1043 1748 ,
1064 1695 1142 1754 quae

133 1771 267 1852 rejicere
284 1771 431 1842 debeant,
445 1783 545 1848 'quam
563 1770 599 1827 in
620 1769 684 1826 ullo
705 1769 785 1844 alio,
809 1791 899 1850 quem
921 1773 976 1832 ille
998 1775 1143 1852 ediderit,
1194 1775 1196 1780 ’

134 1876 296 1954 scriptore.
337 1853 475 1950 ¹Ducem
504 1882 538 1946 et
567 1882 724 1930 auctorem
755 1872 847 1952 hujus
878 1877 1083 1952 sententiae,
1108 1889 1144 1938 ut

135 1979 266 2057 opinor,
302 1973 412 2033 habuit
431 1975 482 2032 vir
502 1995 638 2032 summus
658 1971 816 2050 Reizium,
852 1997 944 2054 quem
963 1999 1055 2058 saepe
1075 2002 1143 2042 me*

136 2081 218 2138 mini
248 2079 368 2152 dicere,
406 2077 504 2134 multo
536 2077 660 2154 aequius
688 2072 772 2148 viros
801 2078 908 2138 doctos
929 2081 968 2140 de
992 2081 1144 2142 'ferentia

136 2181 275 2243 Bentleii
294 2180 485 2262 judicaturos
504 2179 590 2255 esse,
626 2181 652 2238 si
671 2179 742 2253 ille,
778 2199 852 2258 quas
874 2183 951 2243 fecit
969 2184 1146 2245 adnotatio·
1224 2224 1229 2236 -

136 2306 195 2344 nes
218 2283 257 2342 ad
279 2303 349 2342 eum
370 2282 568 2360 scriptorem,
600 2283 708 2346 eadem
722 2303 803 2343 cura
824 2305 859 2342 ao
880 2282 1056 2365 diligentia,
1086 2309 1147 2368 qua

133 2389 180 2448 -ad
200 2386 377 2460 Horatium,
408 2383 645 2462 perscripsisset.
689 2381 753 2462 Ego
775 2387 899 2464 quidem
921 2389 1012 2448 aliter
1034 2394 1146 2468 sentio,

136 2500 189 2566 et,
210 2491 285 2548 licet
304 2509 472 2566 numquam
491 2507 555 2544 non
576 2487 712 2544 dicturus
731 2487 804 2560 sim,
827 2489 909 2568 quod
930 2511 1050 2568 semper
1071 2501 1148 2568 pro*-

137 2595 239 2654 fessus
271 2613 357 2667 sum,
395 2574 522 2648 unicum
552 2589 693 2648 Terentii
712 2590 939 2670 comitatorem
963 2608 1027 2654 esse
1050 2593 1149 2655 Bent-

137 2697 254 2770 leium,
293 2704 399 2756 tamen
420 2694 474 2750 vir
493 2713 607 2772 paucas
627 2692 660 2751 in
683 2701 749 2773 toto
772 2712 807 2752 eo
830 2693 912 2754 libro
933 2696 1060 2776 paginas
1083 2719 1147 2758 esse

140 2799 290 2870 arbitror,
312 2797 347 2854 in
371 2781 483 2880 quibus
505 2817 570 2854 non
592 2795 790 2870 inveniatur,
813 2798 894 2874 quod
915 2807 969 2858 aut
989 2802 1147 2860 nonsatis

138 2910 243 2974 recte,
279 2880 452 2958 autminus
475 2899 666 2958 considerate
690 2898 807 2957 dictum
829 2900 878 2958 sit.
936 2900 1021 2972 Quae
1042 2911 1149 2964 tamen

138 3023 191 3062 res
213 3001 306 3062 etiam
329 3021 439 3080 augere
463 3001 556 3060 debet
578 3001 815 3062 admirationem
838 3002 918 3077 viri,
954 3003 1010 3082 qui
1040 3003 1151 3090 quam·-
1203 3005 1208 3024 ¹

138 3103 244 3168 visin
267 3113 355 3161 tanta
384 3120 524 3164 errornm
554 3103 644 3181 copia
676 3104 852 3164 immortale
882 3125 918 3162 ac
946 3107 1041 3185 plane
1067 3109 1151 3170 divi·-

138 3228 216 3268 num
239 3227 316 3286 opus
339 3206 522 3264 condiderit.
575 3205 639 3266 Sed
664 3209 845 3286 priusquam
867 3210 1034 3294 exemplis,
1072 3232 1150 3292 quae

140 3303 225 3385 dixi,
261 3309 478 3388 comprobem,
515 3311 624 3388 paucis
653 3309 691 3368 de
718 3308 845 3390 ingenio
885 3311 949 3371 viri
984 3313 1151 3374 dicendum

142 3423 206 3489 est,
237 3421 272 3470 ut
291 3419 452 3490 appareat,
486 3413 639 3491 quomodo
661 3435 798 3474 summae
821 3414 887 3496 ejus
906 3415 1038 3476 viruttes
1060 3437 1152 3498 saepe
1174 3450 1177 3454 >

141 3534 208 3574 non
227 3515 392 3593 potuerint
412 3534 476 3571 non
497 3515 532 3572 in
553 3517 664 3575 vitium
684 3527 817 3576 vertere.
924 3515 928 3522 ’

227 3617 303 3676 Erat
333 3599 492 3674 Bentleius
517 3618 568 3675 vir
597 3617 737 3678 infinitae
769 3619 948 3695 doctrinae,
987 3619 1155 3680 acutissimi

143 3741 266 3794 seusus,
311 3719 452 3776 acerrimi
488 3715 606 3798 judicii.
656 3719 696 3778 Et
724 3720 773 3780 his
801 3722 901 3780 tribus
929 3722 1154 3786 rebusomnis

144 3825 211 3882 lans
243 3830 274 3880 et
300 3822 397 3880 virtus
425 3823 602 3880 continetur
633 3822 741 3880 critici.
794 3822 842 3882 Er
878 3823 987 3900 quibus
1023 3824 1156 3885 scientia

146 3925 340 4003 antiquitatis
358 3899 471 3982 idonea
494 3925 604 3984 ordine
625 3925 759 4004 primum
778 3935 863 3986 tenet
880 3927 1005 3996 locum,
1026 3937 1060 3984 ut
1078 3948 1155 4007 quae

148 4037 180 4088 et
212 4047 336 4086 sensum
365 4026 483 4083 nutriat
511 4039 602 4107 atque
634 4029 771 4102 excolat,
804 4037 834 4087 et
854 4028 972 4108 judicio
993 4032 1155 4091 materiam

147 4131 296 4209 praebeat
333 4127 502 4209 judicandi.
565 4131 612 4190 Ad
641 4151 708 4192 eom
739 4113 844 4191 sensus
875 4132 1000 4190 accedat
1030 4151 1156 4193 necesse
