<?xml version="1.0" encoding="UTF-8"?>
<!DOCTYPE html PUBLIC "-//W3C//DTD XHTML 1.0 Transitional//EN"
    "http://www.w3.org/TR/xhtml1/DTD/xhtml1-transitional.dtd">
<html xmlns="http://www.w3.org/1999/xhtml" xml:lang="en" lang="en">
 <head>
  <title>
</title>
<meta http-equiv="Content-Type" content="text/html;charset=utf-8" />
  <meta name='ocr-system' content='tesseract 3.04.00' />
  <meta name='ocr-capabilities' content='ocr_page ocr_carea ocr_par ocr_line ocrx_word'/>
</head>
<body>
  <div class='ocr_page' id='page_1' title='image "./richardibentlei00hermgoog_0063.png"; bbox 0 0 2986 4980; ppageno 0'>
   <div class='ocr_carea' id='block_1_1' title="bbox 1085 403 1241 500">
    <p class='ocr_par' dir='ltr' id='par_1_1' title="bbox 1085 403 1241 500">
     <span class='ocr_line' id='line_1_1' title="bbox 1085 403 1241 500; baseline -0.006 -26"><span class='ocrx_word' id='word_1_1' title='bbox 1085 403 1180 474; x_wconf 42' lang='lat' dir='ltr'><strong>w37-</strong></span> <span class='ocrx_word' id='word_1_2' title='bbox 1238 494 1241 500; x_wconf 33' lang='lat'><strong><em>‚</em></strong></span> 
     </span>
    </p>
   </div>
   <div class='ocr_carea' id='block_1_2' title="bbox 61 570 1313 4192">
    <p class='ocr_par' dir='ltr' id='par_1_2' title="bbox 61 570 1313 2300">
     <span class='ocr_line' id='line_1_2' title="bbox 148 570 1246 686; baseline 0.003 -24"><span class='ocrx_word' id='word_1_3' title='bbox 148 587 245 662; x_wconf 90' lang='lat' dir='ltr'><strong>mibi</strong></span> <span class='ocrx_word' id='word_1_4' title='bbox 273 587 400 664; x_wconf 89' lang='lat' dir='ltr'><strong>retulit</strong></span> <span class='ocrx_word' id='word_1_5' title='bbox 429 590 569 686; x_wconf 85' lang='lat' dir='ltr'><strong>juvenis</strong></span> <span class='ocrx_word' id='word_1_6' title='bbox 601 589 664 664; x_wconf 88' lang='lat' dir='ltr'><strong>ille</strong></span> <span class='ocrx_word' id='word_1_7' title='bbox 697 590 917 686; x_wconf 83' lang='lat' dir='ltr'><strong>Germanus,</strong></span> <span class='ocrx_word' id='word_1_8' title='bbox 958 591 1031 670; x_wconf 81' lang='lat' dir='ltr'><strong>cui.</strong></span> <span class='ocrx_word' id='word_1_9' title='bbox 1047 590 1172 670; x_wconf 84' lang='lat' dir='ltr'><strong>istum.</strong></span> <span class='ocrx_word' id='word_1_10' title='bbox 1242 570 1246 581; x_wconf 23' lang='grc' dir='ltr'>ι</span> 
     </span>
     <span class='ocr_line' id='line_1_3' title="bbox 147 723 1232 817; baseline -0.003 -20"><span class='ocrx_word' id='word_1_11' title='bbox 147 723 365 797; x_wconf 78' lang='lat' dir='ltr'><strong>fasciculum</strong></span> <span class='ocrx_word' id='word_1_12' title='bbox 388 725 656 817; x_wconf 74' lang='lat' dir='ltr'><strong>commiseram,</strong></span> <span class='ocrx_word' id='word_1_13' title='bbox 679 753 763 801; x_wconf 89' lang='lat' dir='ltr'><strong>cum</strong></span> <span class='ocrx_word' id='word_1_14' title='bbox 789 724 837 800; x_wconf 91' lang='lat' dir='ltr'><strong>ad</strong></span> <span class='ocrx_word' id='word_1_15' title='bbox 860 751 925 800; x_wconf 88' lang='lat' dir='ltr'><strong>nos</strong></span> <span class='ocrx_word' id='word_1_16' title='bbox 947 726 1156 812; x_wconf 75' lang='lat' dir='ltr'><strong>reuertisset.</strong></span> <span class='ocrx_word' id='word_1_17' title='bbox 1212 773 1232 794; x_wconf 72' lang='lat'><em>.</em></span> 
     </span>
     <span class='ocr_line' id='line_1_4' title="bbox 146 825 1154 960; baseline 0.005 -30"><span class='ocrx_word' id='word_1_18' title='bbox 146 859 379 958; x_wconf 85' lang='lat' dir='ltr'><strong>Responsum</strong></span> <span class='ocrx_word' id='word_1_19' title='bbox 399 881 504 935; x_wconf 88' lang='lat' dir='ltr'><strong>tuum</strong></span> <span class='ocrx_word' id='word_1_20' title='bbox 524 858 683 934; x_wconf 79' lang='lat' dir='ltr'><strong>hominis</strong></span> <span class='ocrx_word' id='word_1_21' title='bbox 706 859 973 960; x_wconf 82' lang='lat' dir='ltr'><strong>occupatissimi</strong></span> <span class='ocrx_word' id='word_1_22' title='bbox 996 825 1070 934; x_wconf 79' lang='lat' dir='ltr'><strong>nori</strong></span> <span class='ocrx_word' id='word_1_23' title='bbox 1094 889 1154 936; x_wconf 86' lang='lat' dir='ltr'><strong>ur·¹</strong></span> 
     </span>
     <span class='ocr_line' id='line_1_5' title="bbox 146 991 1152 1096; baseline 0.002 -32"><span class='ocrx_word' id='word_1_24' title='bbox 146 1017 235 1091; x_wconf 85' lang='lat' dir='ltr'><strong>geo,</strong></span> <span class='ocrx_word' id='word_1_25' title='bbox 277 991 365 1068; x_wconf 88' lang='lat' dir='ltr'><strong>licet</strong></span> <span class='ocrx_word' id='word_1_26' title='bbox 390 994 461 1070; x_wconf 87' lang='lat' dir='ltr'><strong>tuis</strong></span> <span class='ocrx_word' id='word_1_27' title='bbox 486 994 617 1084; x_wconf 89' lang='lat' dir='ltr'><strong>litteris</strong></span> <span class='ocrx_word' id='word_1_28' title='bbox 638 993 730 1066; x_wconf 90' lang='lat' dir='ltr'><strong>mihi</strong></span> <span class='ocrx_word' id='word_1_29' title='bbox 763 994 857 1067; x_wconf 89' lang='lat' dir='ltr'><strong>nihil</strong></span> <span class='ocrx_word' id='word_1_30' title='bbox 888 994 1001 1094; x_wconf 84' lang='lat' dir='ltr'><strong>possit</strong></span> <span class='ocrx_word' id='word_1_31' title='bbox 1034 994 1152 1096; x_wconf 81' lang='lat' dir='ltr'><strong>afferri</strong></span> 
     </span>
     <span class='ocr_line' id='line_1_6' title="bbox 146 1126 1148 1224; baseline 0.004 -26"><span class='ocrx_word' id='word_1_32' title='bbox 146 1126 354 1224; x_wconf 87' lang='lat' dir='ltr'><strong>acceptius,</strong></span> <span class='ocrx_word' id='word_1_33' title='bbox 378 1128 491 1207; x_wconf 87' lang='lat' dir='ltr'><strong>modo</strong></span> <span class='ocrx_word' id='word_1_34' title='bbox 511 1151 547 1204; x_wconf 90' lang='lat' dir='ltr'><strong>te</strong></span> <span class='ocrx_word' id='word_1_35' title='bbox 572 1129 688 1204; x_wconf 88' lang='lat' dir='ltr'><strong>valere</strong></span> <span class='ocrx_word' id='word_1_36' title='bbox 714 1149 749 1206; x_wconf 88' lang='lat' dir='ltr'><strong>et</strong></span> <span class='ocrx_word' id='word_1_37' title='bbox 774 1157 833 1204; x_wconf 88' lang='lat' dir='ltr'><strong>me</strong></span> <span class='ocrx_word' id='word_1_38' title='bbox 852 1156 971 1205; x_wconf 86' lang='lat' dir='ltr'><strong>amare</strong></span> <span class='ocrx_word' id='word_1_39' title='bbox 993 1127 1148 1204; x_wconf 83' lang='lat' dir='ltr'><strong>audiam.</strong></span> 
     </span>
     <span class='ocr_line' id='line_1_7' title="bbox 145 1256 1148 1371; baseline 0.004 -39"><span class='ocrx_word' id='word_1_40' title='bbox 145 1256 245 1371; x_wconf 80' lang='lat' dir='ltr'><strong>Nam</strong></span> <span class='ocrx_word' id='word_1_41' title='bbox 262 1281 333 1358; x_wconf 85' lang='lat' dir='ltr'><strong>te,</strong></span> <span class='ocrx_word' id='word_1_42' title='bbox 375 1263 477 1364; x_wconf 91' lang='lat' dir='ltr'><strong>qnod</strong></span> <span class='ocrx_word' id='word_1_43' title='bbox 499 1264 606 1340; x_wconf 89' lang='lat' dir='ltr'><strong>velim</strong></span> <span class='ocrx_word' id='word_1_44' title='bbox 630 1264 959 1364; x_wconf 83' lang='lat' dir='ltr'><strong>exploratissimum</strong></span> <span class='ocrx_word' id='word_1_45' title='bbox 985 1264 1054 1358; x_wconf 84' lang='lat' dir='ltr'><strong>tibi</strong></span> <span class='ocrx_word' id='word_1_46' title='bbox 1071 1263 1148 1358; x_wconf 80' lang='lat' dir='ltr'><strong>sit,</strong></span> 
     </span>
     <span class='ocr_line' id='line_1_8' title="bbox 61 1373 1147 1498; baseline 0 -30"><span class='ocrx_word' id='word_1_47' title='bbox 61 1373 68 1385; x_wconf 52' lang='grc'>’</span> <span class='ocrx_word' id='word_1_48' title='bbox 144 1420 216 1493; x_wconf 85' lang='lat' dir='ltr'><strong>ego</strong></span> <span class='ocrx_word' id='word_1_49' title='bbox 241 1395 279 1468; x_wconf 86' lang='lat' dir='ltr'><strong>in</strong></span> <span class='ocrx_word' id='word_1_50' title='bbox 294 1397 417 1476; x_wconf 81' lang='lat' dir='ltr'><strong>¹oculis</strong></span> <span class='ocrx_word' id='word_1_51' title='bbox 439 1397 545 1498; x_wconf 84' lang='lat' dir='ltr'><strong>fero,¹</strong></span> <span class='ocrx_word' id='word_1_52' title='bbox 561 1424 629 1474; x_wconf 85' lang='lat' dir='ltr'><strong>nea</strong></span> <span class='ocrx_word' id='word_1_53' title='bbox 654 1397 700 1472; x_wconf 89' lang='lat' dir='ltr'><strong>de</strong></span> <span class='ocrx_word' id='word_1_54' title='bbox 722 1425 908 1498; x_wconf 86' lang='lat' dir='ltr'><strong>quoquam</strong></span> <span class='ocrx_word' id='word_1_55' title='bbox 931 1399 1147 1496; x_wconf 84' lang='lat' dir='ltr'><strong>praeclarius</strong></span> 
     </span>
     <span class='ocr_line' id='line_1_9' title="bbox 143 1529 1146 1634; baseline 0.006 -36"><span class='ocrx_word' id='word_1_56' title='bbox 143 1529 283 1624; x_wconf 85' lang='lat' dir='ltr'><strong>sentin,</strong></span> <span class='ocrx_word' id='word_1_57' title='bbox 307 1531 537 1607; x_wconf 86' lang='lat' dir='ltr'><strong>etlibeutius</strong></span> <span class='ocrx_word' id='word_1_58' title='bbox 562 1559 603 1606; x_wconf 89' lang='lat' dir='ltr'><strong>ac</strong></span> <span class='ocrx_word' id='word_1_59' title='bbox 625 1532 849 1634; x_wconf 86' lang='lat' dir='ltr'><strong>frequentius</strong></span> <span class='ocrx_word' id='word_1_60' title='bbox 873 1533 1018 1632; x_wconf 82' lang='lat' dir='ltr'><strong>loquor.</strong></span> <span class='ocrx_word' id='word_1_61' title='bbox 1072 1533 1146 1620; x_wconf 91' lang='lat' dir='ltr'><strong>Qui</strong></span> 
     </span>
     <span class='ocr_line' id='line_1_10' title="bbox 143 1661 1313 1774; baseline 0.003 -38"><span class='ocrx_word' id='word_1_62' title='bbox 143 1661 214 1736; x_wconf 89' lang='lat' dir='ltr'><strong>has</strong></span> <span class='ocrx_word' id='word_1_63' title='bbox 235 1663 302 1736; x_wconf 89' lang='lat' dir='ltr'><strong>tibi</strong></span> <span class='ocrx_word' id='word_1_64' title='bbox 323 1665 440 1740; x_wconf 89' lang='lat' dir='ltr'><strong>tradet</strong></span> <span class='ocrx_word' id='word_1_65' title='bbox 459 1665 648 1765; x_wconf 75' lang='lat' dir='ltr'><strong>deerus,</strong></span> <span class='ocrx_word' id='word_1_66' title='bbox 682 1671 902 1774; x_wconf 78' lang='lat' dir='ltr'><strong>Germanus,</strong></span> <span class='ocrx_word' id='word_1_67' title='bbox 940 1667 1145 1742; x_wconf 86' lang='lat' dir='ltr'><strong>liberalium</strong></span> <span class='ocrx_word' id='word_1_68' title='bbox 1224 1763 1225 1766; x_wconf 8' lang='grc' dir='ltr'><strong>Ἴ</strong></span> <span class='ocrx_word' id='word_1_69' title='bbox 1310 1719 1313 1724; x_wconf 91' lang='grc'>-</span> 
     </span>
     <span class='ocr_line' id='line_1_11' title="bbox 93 1773 1160 1902; baseline 0 -28"><span class='ocrx_word' id='word_1_70' title='bbox 93 1814 98 1823; x_wconf 93' lang='grc'><strong>’</strong></span> <span class='ocrx_word' id='word_1_71' title='bbox 142 1799 292 1874; x_wconf 89' lang='lat' dir='ltr'><strong>Artium</strong></span> <span class='ocrx_word' id='word_1_72' title='bbox 315 1797 506 1900; x_wconf 82' lang='lat' dir='ltr'><strong>Magister,</strong></span> <span class='ocrx_word' id='word_1_73' title='bbox 544 1803 722 1902; x_wconf 83' lang='lat' dir='ltr'><strong>probitate</strong></span> <span class='ocrx_word' id='word_1_74' title='bbox 747 1823 782 1876; x_wconf 92' lang='lat' dir='ltr'><strong>et</strong></span> <span class='ocrx_word' id='word_1_75' title='bbox 810 1829 884 1876; x_wconf 92' lang='lat' dir='ltr'><strong>uon</strong></span> <span class='ocrx_word' id='word_1_76' title='bbox 903 1773 1040 1901; x_wconf 84' lang='lat' dir='ltr'><strong>vulgari</strong></span> <span class='ocrx_word' id='word_1_77' title='bbox 1065 1828 1160 1886; x_wconf 86' lang='lat' dir='ltr'><strong>eru-¹</strong></span> 
     </span>
     <span class='ocr_line' id='line_1_12' title="bbox 142 1933 1144 2040; baseline 0.002 -34"><span class='ocrx_word' id='word_1_78' title='bbox 142 1933 285 2040; x_wconf 80' lang='lat' dir='ltr'><strong>ditione</strong></span> <span class='ocrx_word' id='word_1_79' title='bbox 326 1936 483 2036; x_wconf 85' lang='lat' dir='ltr'><strong>juvenis,</strong></span> <span class='ocrx_word' id='word_1_80' title='bbox 535 1937 702 2036; x_wconf 86' lang='lat' dir='ltr'><strong>mihique</strong></span> <span class='ocrx_word' id='word_1_81' title='bbox 747 1962 915 2037; x_wconf 81' lang='lat' dir='ltr'><strong>percarus</strong></span> <span class='ocrx_word' id='word_1_82' title='bbox 957 1934 1144 2012; x_wconf 86' lang='lat' dir='ltr'><strong>contendit</strong></span> 
     </span>
     <span class='ocr_line' id='line_1_13' title="bbox 141 2067 1227 2172; baseline -0.002 -30"><span class='ocrx_word' id='word_1_83' title='bbox 141 2068 184 2142; x_wconf 91' lang='lat' dir='ltr'><strong>in</strong></span> <span class='ocrx_word' id='word_1_84' title='bbox 218 2090 370 2144; x_wconf 85' lang='lat' dir='ltr'><strong>vestram</strong></span> <span class='ocrx_word' id='word_1_85' title='bbox 407 2072 547 2171; x_wconf 84' lang='lat' dir='ltr'><strong>beatam</strong></span> <span class='ocrx_word' id='word_1_86' title='bbox 583 2071 758 2168; x_wconf 84' lang='lat' dir='ltr'><strong>insulam,</strong></span> <span class='ocrx_word' id='word_1_87' title='bbox 804 2098 888 2144; x_wconf 89' lang='lat' dir='ltr'><strong>cum</strong></span> <span class='ocrx_word' id='word_1_88' title='bbox 916 2067 1143 2172; x_wconf 79' lang='lat' dir='ltr'><strong>nobilissimo</strong></span> <span class='ocrx_word' id='word_1_89' title='bbox 1224 2108 1227 2113; x_wconf 96' lang='lat'>·</span> 
     </span>
     <span class='ocr_line' id='line_1_14' title="bbox 141 2202 1157 2300; baseline -0.006 -22"><span class='ocrx_word' id='word_1_90' title='bbox 141 2202 289 2284; x_wconf 87' lang='lat' dir='ltr'><strong>Comite</strong></span> <span class='ocrx_word' id='word_1_91' title='bbox 314 2203 623 2300; x_wconf 86' lang='lat' dir='ltr'><strong>Franeofnrtensi,</strong></span> <span class='ocrx_word' id='word_1_92' title='bbox 675 2229 716 2280; x_wconf 87' lang='lat' dir='ltr'><strong>nt</strong></span> <span class='ocrx_word' id='word_1_93' title='bbox 744 2228 875 2300; x_wconf 80' lang='lat' dir='ltr'><strong>vestras</strong></span> <span class='ocrx_word' id='word_1_94' title='bbox 903 2203 1157 2290; x_wconf 24' lang='lat' dir='ltr'><strong>bibliothecas,</strong></span> 
     </span>
    </p>

    <p class='ocr_par' dir='ltr' id='par_1_3' title="bbox 139 2337 1152 2440">
     <span class='ocr_line' id='line_1_15' title="bbox 139 2337 1152 2440; baseline -0.003 -28"><span class='ocrx_word' id='word_1_95' title='bbox 139 2339 355 2438; x_wconf 86' lang='lat' dir='ltr'><strong>perlustret,</strong></span> <span class='ocrx_word' id='word_1_96' title='bbox 387 2337 453 2413; x_wconf 89' lang='lat' dir='ltr'><strong>sed</strong></span> <span class='ocrx_word' id='word_1_97' title='bbox 474 2341 644 2440; x_wconf 41' lang='lat' dir='ltr'><strong>‚inprimis</strong></span> <span class='ocrx_word' id='word_1_98' title='bbox 669 2342 826 2436; x_wconf 66' lang='lat' dir='ltr'><strong>ut&#39;viros</strong></span> <span class='ocrx_word' id='word_1_99' title='bbox 851 2338 1020 2438; x_wconf 83' lang='lat' dir='ltr'><strong>eximios,</strong></span> <span class='ocrx_word' id='word_1_100' title='bbox 1052 2358 1088 2414; x_wconf 88' lang='lat' dir='ltr'><strong>et</strong></span> <span class='ocrx_word' id='word_1_101' title='bbox 1108 2359 1152 2410; x_wconf 87' lang='lat' dir='ltr'><strong>te.</strong></span> 
     </span>
    </p>

    <p class='ocr_par' dir='ltr' id='par_1_4' title="bbox 78 2445 1238 3652">
     <span class='ocr_line' id='line_1_16' title="bbox 78 2445 1202 2573; baseline 0 -29"><span class='ocrx_word' id='word_1_102' title='bbox 78 2511 90 2520; x_wconf 84' lang='lat'><em>-</em></span> <span class='ocrx_word' id='word_1_103' title='bbox 137 2473 340 2556; x_wconf 81' lang='lat' dir='ltr'><strong>interillos</strong></span> <span class='ocrx_word' id='word_1_104' title='bbox 367 2445 558 2571; x_wconf 72' lang='lat' dir='ltr'><strong>lucentem,</strong></span> <span class='ocrx_word' id='word_1_105' title='bbox 594 2497 767 2573; x_wconf 75' lang='lat' dir='ltr'><strong>tauquam</strong></span> <span class='ocrx_word' id='word_1_106' title='bbox 791 2476 934 2551; x_wconf 84' lang='lat' dir='ltr'><strong>Lunam</strong></span> <span class='ocrx_word' id='word_1_107' title='bbox 959 2474 1053 2546; x_wconf 89' lang='lat' dir='ltr'><strong>inter</strong></span> <span class='ocrx_word' id='word_1_108' title='bbox 1075 2473 1202 2561; x_wconf 58' lang='grc' dir='ltr'><strong>τιή-42</strong></span> 
     </span>
     <span class='ocr_line' id='line_1_17' title="bbox 137 2606 1190 2710; baseline 0 -30"><span class='ocrx_word' id='word_1_109' title='bbox 137 2632 231 2682; x_wconf 89' lang='lat' dir='ltr'><strong>nora</strong></span> <span class='ocrx_word' id='word_1_110' title='bbox 256 2606 403 2710; x_wconf 82' lang='lat' dir='ltr'><strong>sydera,</strong></span> <span class='ocrx_word' id='word_1_111' title='bbox 432 2607 572 2702; x_wconf 85' lang='lat' dir='ltr'><strong>videat,</strong></span> <span class='ocrx_word' id='word_1_112' title='bbox 603 2611 749 2708; x_wconf 89' lang='lat' dir='ltr'><strong>salutet,</strong></span> <span class='ocrx_word' id='word_1_113' title='bbox 781 2632 817 2688; x_wconf 85' lang='lat' dir='ltr'><strong>et</strong></span> <span class='ocrx_word' id='word_1_114' title='bbox 835 2626 878 2683; x_wconf 78' lang='lat' dir='ltr'><strong>ex</strong></span> <span class='ocrx_word' id='word_1_115' title='bbox 898 2609 1048 2708; x_wconf 82' lang='lat' dir='ltr'><strong>illorum</strong></span> <span class='ocrx_word' id='word_1_116' title='bbox 1069 2633 1142 2681; x_wconf 86' lang='lat' dir='ltr'><strong>ser·</strong></span> <span class='ocrx_word' id='word_1_117' title='bbox 1188 2683 1190 2688; x_wconf 75' lang='grc'><em>,</em></span> 
     </span>
     <span class='ocr_line' id='line_1_18' title="bbox 137 2727 1238 2844; baseline 0 -30"><span class='ocrx_word' id='word_1_118' title='bbox 137 2742 311 2817; x_wconf 88' lang='lat' dir='ltr'><strong>monibus</strong></span> <span class='ocrx_word' id='word_1_119' title='bbox 328 2743 470 2821; x_wconf 86' lang='lat' dir='ltr'><strong>doctior</strong></span> <span class='ocrx_word' id='word_1_120' title='bbox 484 2766 519 2824; x_wconf 90' lang='lat' dir='ltr'><strong>et</strong></span> <span class='ocrx_word' id='word_1_121' title='bbox 533 2743 875 2844; x_wconf 74' lang='lat' dir='ltr'><strong>sapientior-redeat.</strong></span> <span class='ocrx_word' id='word_1_122' title='bbox 928 2727 1152 2842; x_wconf 19' lang='lat' dir='ltr'><strong>Nonispero¹</strong></span> <span class='ocrx_word' id='word_1_123' title='bbox 1196 2833 1201 2843; x_wconf 67' lang='lat'>‚</span> <span class='ocrx_word' id='word_1_124' title='bbox 1237 2741 1238 2747; x_wconf 57' lang='lat'>&#39;</span> 
     </span>
     <span class='ocr_line' id='line_1_19' title="bbox 136 2877 1140 2980; baseline -0.006 -28"><span class='ocrx_word' id='word_1_125' title='bbox 136 2897 176 2952; x_wconf 85' lang='lat' dir='ltr'><strong>tc</strong></span> <span class='ocrx_word' id='word_1_126' title='bbox 206 2905 289 2980; x_wconf 31' lang='lat' dir='ltr'><strong>pro·</strong></span> <span class='ocrx_word' id='word_1_127' title='bbox 307 2899 373 2952; x_wconf 87' lang='lat' dir='ltr'><strong>tua</strong></span> <span class='ocrx_word' id='word_1_128' title='bbox 401 2879 574 2980; x_wconf 84' lang='lat' dir='ltr'><strong>singulari</strong></span> <span class='ocrx_word' id='word_1_129' title='bbox 604 2878 826 2954; x_wconf 83' lang='lat' dir='ltr'><strong>humanitate</strong></span> <span class='ocrx_word' id='word_1_130' title='bbox 856 2878 951 2969; x_wconf 88' lang='lat' dir='ltr'><strong>hanc</strong></span> <span class='ocrx_word' id='word_1_131' title='bbox 978 2877 1140 2974; x_wconf 84' lang='lat' dir='ltr'><strong>volupta-</strong></span> 
     </span>
     <span class='ocr_line' id='line_1_20' title="bbox 136 3012 1137 3126; baseline -0.007 -37"><span class='ocrx_word' id='word_1_132' title='bbox 136 3036 229 3109; x_wconf 85' lang='lat' dir='ltr'><strong>tem,</strong></span> <span class='ocrx_word' id='word_1_133' title='bbox 268 3034 307 3088; x_wconf 89' lang='lat' dir='ltr'><strong>et</strong></span> <span class='ocrx_word' id='word_1_134' title='bbox 335 3013 575 3114; x_wconf 81' lang='lat' dir='ltr'><strong>profectionis¹</strong></span> <span class='ocrx_word' id='word_1_135' title='bbox 598 3041 681 3087; x_wconf 90' lang='lat' dir='ltr'><strong>suae</strong></span> <span class='ocrx_word' id='word_1_136' title='bbox 707 3013 942 3112; x_wconf 88' lang='lat' dir='ltr'><strong>praecipuum</strong></span> <span class='ocrx_word' id='word_1_137' title='bbox 967 3012 1137 3126; x_wconf 67' lang='lat' dir='ltr'><strong>fructum,</strong></span> 
     </span>
     <span class='ocr_line' id='line_1_21' title="bbox 133 3143 1138 3250; baseline -0.007 -28"><span class='ocrx_word' id='word_1_138' title='bbox 133 3147 258 3248; x_wconf 84' lang='lat' dir='ltr'><strong>juveni</strong></span> <span class='ocrx_word' id='word_1_139' title='bbox 296 3149 351 3222; x_wconf 85' lang='lat' dir='ltr'><strong>tui</strong></span> <span class='ocrx_word' id='word_1_140' title='bbox 390 3146 626 3250; x_wconf 90' lang='lat' dir='ltr'><strong>cupidissimo</strong></span> <span class='ocrx_word' id='word_1_141' title='bbox 664 3149 874 3226; x_wconf 84' lang='lat' dir='ltr'><strong>invisurum.</strong></span> <span class='ocrx_word' id='word_1_142' title='bbox 911 3145 1068 3244; x_wconf 51' lang='lat' dir='ltr'><strong>&#39;gQuod</strong></span> <span class='ocrx_word' id='word_1_143' title='bbox 1107 3143 1138 3216; x_wconf 89' lang='lat' dir='ltr'><strong>si</strong></span> 
     </span>
     <span class='ocr_line' id='line_1_22' title="bbox 132 3259 1230 3382; baseline -0.005 -23"><span class='ocrx_word' id='word_1_144' title='bbox 132 3283 243 3360; x_wconf 88' lang='lat' dir='ltr'><strong>ctiam</strong></span> <span class='ocrx_word' id='word_1_145' title='bbox 268 3283 441 3370; x_wconf 76' lang='lat' dir='ltr'><strong>munieris</strong></span> <span class='ocrx_word' id='word_1_146' title='bbox 466 3284 500 3358; x_wconf 90' lang='lat' dir='ltr'><strong>ei</strong></span> <span class='ocrx_word' id='word_1_147' title='bbox 523 3283 662 3372; x_wconf 88' lang='lat' dir='ltr'><strong>aditum</strong></span> <span class='ocrx_word' id='word_1_148' title='bbox 687 3281 733 3357; x_wconf 85' lang='lat' dir='ltr'><strong>ad</strong></span> <span class='ocrx_word' id='word_1_149' title='bbox 756 3285 846 3358; x_wconf 89' lang='lat' dir='ltr'><strong>alios</strong></span> <span class='ocrx_word' id='word_1_150' title='bbox 868 3283 968 3380; x_wconf 83' lang='lat' dir='ltr'><strong>¹viros</strong></span> <span class='ocrx_word' id='word_1_151' title='bbox 989 3308 1144 3382; x_wconf 82' lang='lat' dir='ltr'><strong>magnos.</strong></span> <span class='ocrx_word' id='word_1_152' title='bbox 1201 3259 1230 3378; x_wconf 59' lang='grc' dir='ltr'><strong> </strong></span> 
     </span>
     <span class='ocr_line' id='line_1_23' title="bbox 131 3416 1178 3519; baseline -0.004 -26"><span class='ocrx_word' id='word_1_153' title='bbox 131 3416 330 3514; x_wconf 87' lang='lat' dir='ltr'><strong>videndos,</strong></span> <span class='ocrx_word' id='word_1_154' title='bbox 359 3418 589 3519; x_wconf 81' lang='lat' dir='ltr'><strong>augebistua</strong></span> <span class='ocrx_word' id='word_1_155' title='bbox 614 3419 650 3495; x_wconf 91' lang='lat' dir='ltr'><strong>in</strong></span> <span class='ocrx_word' id='word_1_156' title='bbox 673 3418 779 3491; x_wconf 89' lang='lat' dir='ltr'><strong>illum</strong></span> <span class='ocrx_word' id='word_1_157' title='bbox 804 3418 942 3494; x_wconf 89' lang='lat' dir='ltr'><strong>merita.</strong></span> <span class='ocrx_word' id='word_1_158' title='bbox 1002 3419 1050 3492; x_wconf 78' lang='lat' dir='ltr'><strong>ln</strong></span> <span class='ocrx_word' id='word_1_159' title='bbox 1075 3416 1135 3490; x_wconf 82' lang='lat' dir='ltr'><strong>ci·</strong></span> <span class='ocrx_word' id='word_1_160' title='bbox 1177 3455 1178 3458; x_wconf 37' lang='lat'>¹</span> 
     </span>
     <span class='ocr_line' id='line_1_24' title="bbox 130 3541 1137 3652; baseline -0.003 -24"><span class='ocrx_word' id='word_1_161' title='bbox 130 3553 275 3630; x_wconf 87' lang='lat' dir='ltr'><strong>cernuis</strong></span> <span class='ocrx_word' id='word_1_162' title='bbox 301 3546 537 3628; x_wconf 88' lang='lat' dir='ltr'><strong>Orationibus</strong></span> <span class='ocrx_word' id='word_1_163' title='bbox 565 3541 715 3644; x_wconf 84' lang='lat' dir='ltr'><strong>edendis</strong></span> <span class='ocrx_word' id='word_1_164' title='bbox 742 3552 908 3652; x_wconf 87' lang='lat' dir='ltr'><strong>quotidie</strong></span> <span class='ocrx_word' id='word_1_165' title='bbox 932 3551 1137 3652; x_wconf 84' lang='lat' dir='ltr'><strong>procedunt</strong></span> 
     </span>
    </p>

    <p class='ocr_par' dir='ltr' id='par_1_5' title="bbox 130 3684 1133 3787">
     <span class='ocr_line' id='line_1_25' title="bbox 130 3684 1133 3787; baseline -0.004 -25"><span class='ocrx_word' id='word_1_166' title='bbox 130 3713 286 3787; x_wconf 85' lang='lat' dir='ltr'><strong>operae,</strong></span> <span class='ocrx_word' id='word_1_167' title='bbox 318 3685 387 3762; x_wconf 89' lang='lat' dir='ltr'><strong>sed·</strong></span> <span class='ocrx_word' id='word_1_168' title='bbox 403 3684 609 3762; x_wconf 87' lang='lat' dir='ltr'><strong>testudineo</strong></span> <span class='ocrx_word' id='word_1_169' title='bbox 634 3688 759 3786; x_wconf 85' lang='lat' dir='ltr'><strong>gradu.</strong></span> <span class='ocrx_word' id='word_1_170' title='bbox 812 3686 980 3764; x_wconf 81' lang='lat' dir='ltr'><strong>Proxima</strong></span> <span class='ocrx_word' id='word_1_171' title='bbox 1013 3708 1133 3760; x_wconf 88' lang='lat' dir='ltr'><strong>tamen</strong></span> 
     </span>
    </p>

    <p class='ocr_par' dir='ltr' id='par_1_6' title="bbox 128 3819 1215 4192">
     <span class='ocr_line' id='line_1_26' title="bbox 128 3819 1215 3922; baseline -0.003 -26"><span class='ocrx_word' id='word_1_172' title='bbox 128 3840 262 3898; x_wconf 82' lang='lat' dir='ltr'><strong>aestate</strong></span> <span class='ocrx_word' id='word_1_173' title='bbox 290 3846 396 3922; x_wconf 87' lang='lat' dir='ltr'><strong>spero</strong></span> <span class='ocrx_word' id='word_1_174' title='bbox 424 3821 505 3894; x_wconf 87' lang='lat' dir='ltr'><strong>illas</strong></span> <span class='ocrx_word' id='word_1_175' title='bbox 542 3819 662 3896; x_wconf 89' lang='lat' dir='ltr'><strong>lucem</strong></span> <span class='ocrx_word' id='word_1_176' title='bbox 687 3822 821 3898; x_wconf 87' lang='lat' dir='ltr'><strong>visuras</strong></span> <span class='ocrx_word' id='word_1_177' title='bbox 853 3822 897 3916; x_wconf 89' lang='lat' dir='ltr'><strong>in</strong></span> <span class='ocrx_word' id='word_1_178' title='bbox 920 3847 982 3898; x_wconf 80' lang='lat' dir='ltr'><strong>sex</strong></span> <span class='ocrx_word' id='word_1_179' title='bbox 1014 3843 1133 3916; x_wconf 88' lang='lat' dir='ltr'><strong>tomos</strong></span> <span class='ocrx_word' id='word_1_180' title='bbox 1212 3823 1215 3829; x_wconf 42' lang='lat'><em>¹</em></span> 
     </span>
     <span class='ocr_line' id='line_1_27' title="bbox 131 3953 1139 4056; baseline 0.002 -28"><span class='ocrx_word' id='word_1_181' title='bbox 131 3953 303 4055; x_wconf 51' lang='lat' dir='ltr'><strong>digestas»</strong></span> <span class='ocrx_word' id='word_1_182' title='bbox 350 3953 394 4028; x_wconf 90' lang='lat' dir='ltr'><strong>In</strong></span> <span class='ocrx_word' id='word_1_183' title='bbox 415 3953 615 4036; x_wconf 86' lang='lat' dir='ltr'><strong>Ezechielis</strong></span> <span class='ocrx_word' id='word_1_184' title='bbox 633 3956 845 4056; x_wconf 87' lang='lat' dir='ltr'><strong>Spanhemii</strong></span> <span class='ocrx_word' id='word_1_185' title='bbox 866 3957 1139 4054; x_wconf 70' lang='lat' dir='ltr'><strong>Commentario¹</strong></span> 
     </span>
     <span class='ocr_line' id='line_1_28' title="bbox 130 4083 1135 4192; baseline 0.006 -31"><span class='ocrx_word' id='word_1_186' title='bbox 130 4087 170 4162; x_wconf 94' lang='lat' dir='ltr'><strong>in</strong></span> <span class='ocrx_word' id='word_1_187' title='bbox 204 4088 470 4166; x_wconf 87' lang='lat' dir='ltr'><strong>Callimachum</strong></span> <span class='ocrx_word' id='word_1_188' title='bbox 507 4089 634 4167; x_wconf 87' lang='lat' dir='ltr'><strong>itidem</strong></span> <span class='ocrx_word' id='word_1_189' title='bbox 667 4083 966 4192; x_wconf 82' lang='lat' dir='ltr'><strong>progrediuntur.</strong></span> <span class='ocrx_word' id='word_1_190' title='bbox 1020 4091 1135 4184; x_wconf 87' lang='lat' dir='ltr'><strong>Quod:</strong></span> 
     </span>
    </p>
   </div>
   <div class='ocr_carea' id='block_1_3' title="bbox 0 0 1498 4980">
    <p class='ocr_par' dir='ltr' id='par_1_7' title="bbox 0 0 1498 4980">
     <span class='ocr_line' id='line_1_29' title="bbox 0 0 1498 4980; baseline 0 7"><span class='ocrx_word' id='word_1_191' title='bbox 0 0 1498 4980; x_wconf 95' lang='lat' dir='ltr'><strong> </strong></span> 
     </span>
    </p>
   </div>
  </div>
 </body>
</html>
