2918 5008
325 376 369 492 ⁹5²

327 558 517 640 Quamquam
536 555 614 620 baec
637 575 758 638 quoque
779 557 965 640 speciosior,
997 579 1089 640 quatu
1111 560 1222 624 verior
1243 583 1325 644 argn-

326 661 476 722 mentatio
504 659 596 724 foret.
639 660 726 722 Adeo
756 662 842 722 enim
866 661 996 742 planum
1025 672 1088 740 est,
1126 664 1167 724 de
1189 669 1328 728 omnibus

318 765 425 845 'poetis
448 763 502 824 hic
531 751 707 828 sermonem
736 783 819 840 esse,
855 775 905 842 ut,
935 765 1003 827 sive
1033 764 1129 838 huic,
1162 768 1231 829 sive
1258 769 1328 828 aliis

325 868 460 948 legatur,
499 887 594 928 nemo
624 867 703 928 haec
733 868 829 930 verba
859 869 951 928 aliter
971 869 1012 928 eit
1032 880 1222 950 accepturus.
1265 871 1330 932 Nisi

325 971 432 1052 paullo
453 971 571 1052 major,
598 971 626 1030 si
645 969 719 1030 attia
728 1011 740 1042 ,
768 973 907 1050 quamsi
928 968 1005 1030 huic
1024 971 1153 1052 legitur,
1183 975 1330 1034 orationis

327 1084 374 1133 est
406 1062 543 1155 partium
581 1074 812 1135 convenientia.
869 1071 934 1136 Sed
967 1075 1057 1158 hujus
1092 1078 1331 1138 convenientiae

325 1177 480 1258 neglectio
502 1186 565 1236 tam
588 1185 634 1235 est
652 1177 782 1257 propria
801 1175 966 1236 familiaris
987 1180 1156 1254 sermonis„
1181 1187 1218 1238 ut
1239 1189 1330 1238 natu-
1439 1185 1440 1210 ¹

325 1299 393 1340 ram
424 1283 491 1364 ejus
523 1280 687 1340 contineat.
747 1283 854 1358 Itaque
886 1279 938 1342 vel
965 1289 1094 1362 propter
1123 1281 1207 1342 hano
1233 1282 1330 1361 ipsam

327 1382 548 1464 negligentiam
571 1381 710 1444 dubitari
730 1391 848 1461 potest,
870 1403 910 1441 an
927 1381 1166 1464 praeferendum
1186 1385 1228 1444 sit
1249 1384 1332 1452 huia.
1439 1371 1440 1448 i

265 1499 304 1544 αι
327 1483 381 1546 Est
402 1504 477 1546 vero
499 1483 585 1544 aliud
607 1485 692 1564 quod
713 1484 834 1544 mireris
856 1504 874 1542 a
895 1483 1055 1561 Bentleio,
1086 1487 1140 1566 qui
1161 1487 1333 1568 diligentis-
1439 1507 1440 1560 t

326 1588 403 1650 sime
432 1587 513 1647 solet
539 1587 579 1649 ad
609 1607 757 1648 numeros
784 1585 958 1663 attendere,
994 1609 1061 1648 non
1087 1609 1154 1648 esse
1187 1591 1332 1651 animad-

324 1711 458 1752 versum.
524 1689 606 1752 Nam
636 1691 673 1750 in
699 1689 824 1768 vulgata
855 1691 1006 1768 scriptura
1034 1701 1118 1752 recte
1145 1693 1275 1772 quidem
1304 1704 1333 1753 et

314 1777 426 1853 'isdem
447 1803 479 1854 et
500 1793 575 1854 aliis
595 1794 631 1852 in
652 1792 719 1852 ictu
743 1801 804 1870 est,
835 1795 885 1852 uti
903 1801 1005 1854 autem
1027 1804 1116 1854 extra
1135 1794 1250 1854 ictum:
1281 1795 1332 1856 sed
1371 1843 1372 1848 κ

326 1898 395 1979 quis
416 1907 522 1958 tamen
547 1918 614 1958 non
643 1895 775 1971 sentiat,
813 1881 905 1956 valde
924 1896 1117 1974 ineleganter
1136 1896 1200 1956 boc
1220 1901 1273 1956 nti
1291 1899 1332 1962 ita

327 2022 395 2062 esse
421 2001 627 2076 collocatum,
663 2009 713 2075 ut,
754 2018 849 2077 quum
875 2000 1011 2060 secunda
1038 1999 1159 2076 syllaba
1190 2001 1332 2076 elidatur,
1439 1991 1440 2074 l

326 2103 430 2185 prima
454 2113 556 2164 autem
579 2124 650 2163 eum
670 2110 775 2162 teneat
799 2101 923 2177 locum,
961 2102 995 2164 iu
1022 2119 1083 2179 quo
1108 2101 1234 2162 brevius
1261 2125 1333 2185 pro-
1439 2121 1440 2192 ᾗ

326 2207 471 2288 nuntiari
493 2207 625 2279 debeat,
662 2212 762 2262 totum
791 2203 921 2267 verbum
951 2224 1049 2284 prope
1077 2201 1203 2283 effugiat
1228 2217 1260 2266 et
1278 2208 1333 2268 vir
1439 2193 1440 2198 ἵ

327 2307 458 2388 aliquod
478 2307 526 2366 sui
548 2307 704 2384 relinquat
722 2305 909 2386 vestigium?
953 2306 1084 2382 Contra,
1119 2309 1204 2384 quod
1231 2311 1268 2369 in
1292 2311 1332 2370 li-
1405 2365 1408 2374 .

326 2413 383 2472 bro
411 2410 562 2472 Bembino
593 2418 653 2484 est,
695 2409 790 2488 plane
820 2409 963 2470 exaudiri
996 2410 1085 2476 sinit¹
1106 2412 1241 2474 verbum
1275 2419 1332 2486 uti,

327 2515 410 2596 quod
440 2533 545 2591 nuno,
578 2512 633 2572 ubi
660 2509 720 2570 atu·
745 2511 850 2589 abest,
878 2521 962 2572 recte
990 2514 1045 2588 sub
1072 2513 1169 2574 ictum
1198 2517 1331 2597 positum

328 2629 390 2694 est,
425 2618 612 2698 pronomine
642 2611 735 2685 huic,
769 2615 817 2674 uti
835 2614 942 2690 debet,
958 2663 963 2672 .
979 2615 1192 2686 delitescente.
1245 2619 1332 2692 Quod

326 2723 353 2780 ei
375 2721 467 2802 liujus
488 2720 561 2780 libri
584 2717 737 2796 scriptura
760 2718 799 2778 ad
827 2716 990 2778 familiaris
1016 2720 1168 2784 sermonis
1192 2743 1331 2791 consue.

325 2825 467 2884 tudinem
494 2821 587 2882 valde
615 2829 661 2880 est
688 2821 937 2896 accommodata,
986 2820 1026 2878 ad
1048 2809 1203 2893 ,numeros
1230 2833 1331 2884 autem
1437 2899 1438 2902 Ἴ

326 2925 422 2988 etiam
446 2927 623 3006 aliquanto,
644 2944 736 3004 quam
756 2925 895 3004 vulgata,
917 2924 1101 3002 elegantior:
1134 2935 1221 2986 reete
1242 2926 1330 2986 dubi·
1437 2929 1438 2998 ζ

325 3032 386 3090 tari
405 3029 537 3109 poterit,
575 3049 616 3087 an
636 3029 677 3086 sit
698 3027 909 3107 praeferenda.
961 3026 1122 3108 Quumque
1142 3028 1220 3088 baec
1240 3030 1329 3091 dubi-

325 3135 403 3193 tatio
426 3123 470 3191 'eo
501 3131 626 3207 redeat,
660 3140 695 3190 ut
726 3140 905 3208 quaeratur,
946 3141 1016 3193 utra
1036 3132 1130 3191 lectio
1152 3132 1274 3195 facilius
1295 3136 1329 3197 ab

325 3236 548 3314 interpretibus
579 3255 617 3294 ac
645 3232 783 3294 librariis
812 3232 966 3313 proficisci
993 3236 1147 3314 potuerit,
1182 3257 1250 3296 non
1276 3239 1329 3298 ob-

325 3357 450 3397 scurum
473 3357 539 3396 esse
558 3337 708 3410 arbitror,
722 3339 758 3400 ‚si
781 3335 854 3396 aliis
874 3338 1025 3416 scriptum
1044 3338 1153 3399 suisset
1172 3361 1191 3397 a
1211 3341 1329 3400 Teren·

325 3445 391 3520 tio,
426 3460 491 3500 non
517 3459 608 3519 posse
635 3436 929 3500 idoneanrcausam
950 3439 1104 3516 inveniri,
1138 3462 1233 3519 quare
1255 3446 1327 3526 quis,

326 3545 411 3626 quod
437 3554 547 3624 sponte
575 3542 825 3622 intelligebatur,
861 3544 955 3604 etiam
983 3543 1166 3606 Terentium
1186 3547 1237 3606 his
1261 3549 1326 3608 aliis

234 3725 236 3732 Ι
325 3646 550 3726 comprehendi
579 3646 784 3714 adnotaverit
843 3647 884 3706 At
915 3650 941 3708 si
968 3647 1024 3706 ille
1052 3645 1129 3706 tauto
1155 3651 1326 3730 scripserat,

326 3761 482 3812 ettamen
501 3753 537 3810 in
559 3751 758 3830 sequentibus
780 3769 844 3808 non
867 3749 985 3810 deboc
1010 3749 1092 3824 solo,
1124 3751 1179 3810 sed
1199 3753 1239 3812 de
1261 3754 1327 3812 aliis

327 3875 449 3935 quoque
470 3855 570 3934 poetis
593 3855 735 3913 omnibus
756 3851 957 3929 loquebatur,
993 3863 1078 3912 recte
1100 3854 1203 3934 potuit
1223 3857 1329 3916 obser·

311 3959 413 4034 uari,
438 3977 534 4038 quum
552 3957 629 4018 leuia
649 3957 787 4032 diceret,
808 3956 937 4014 omniuo
962 3977 1032 4016 enm
1055 3956 1231 4036 intelligere
1253 3979 1327 4039 poe·

327 4062 488 4143 taslalios,
519 4081 612 4142 quam
632 4061 684 4140 qut
705 4059 768 4140 jam
788 4059 929 4137 personis
949 4058 1014 4120 illis
1036 4059 1085 4120 usi
1104 4059 1246 4124 fuissent.
