2986 4980
363 401 414 478 14

303 641 307 659 .
363 587 553 692 depromet
583 587 651 662 tibi
683 613 726 662 ex
751 588 1023 663 initmctissima
1049 617 1112 664 sua
1140 588 1369 664 bibliotheca

355 721 879 804 Tan..Fab1-1Em0ndni0nos
904 703 1077 822 ineditas,
1103 747 1139 800 et
1161 724 1368 802 editionem

360 846 544 961 antiquam
574 859 811 955 Orationirm,
852 859 1015 934 Venetiis
1045 859 1366 939 MCCCCLXXI.

359 995 463 1072 Vale.
501 993 695 1096 Vigorniae'
722 996 770 1068 D.
797 993 902 1068 XIV.
928 995 1088 1070 Januarii
1118 1001 1225 1094 1694.

425 1133 598 1192 Clarittimo
615 1132 683 1186 viro
699 1129 811 1190 Joanni
829 1131 959 1206 Georgia
979 1131 1106 1190 Graevio

575 1232 743 1303 Traiectum
764 1234 952 1290 Batavorum·
1007 1275 1012 1280 -

756 1407 824 1504 ΕΡ.
847 1401 916 1478 IV.
936 1402 972 1504 *)
1021 1429 1023 1436 ⁴

298 1547 344 1618 16
384 1579 385 1590 κ
431 1559 522 1612 vino
563 1561 620 1614 cn.
659 1561 856 1614 arenauno
893 1562 1079 1614 annrtnro
1113 1563 1142 1612 s.
1177 1563 1212 1613 r.
1250 1563 1289 1615 n.

608 1697 660 1746 io.
694 1699 880 1748 cnoacms
914 1699 1113 1752 canarius.

294 1872 298 1882 ,
426 1806 538 1900 'Redit
558 1824 604 1898 ad
627 1846 682 1922 te,
720 1853 829 1926 quam
851 1827 945 1902 mihi
968 1826 1066 1902 dono
1088 1825 1253 1917 miseras,
1293 1827 1359 1900 Al·

353 1958 448 2034 berti
471 1931 629 2036 liubanii
652 1960 916 2037 commentatio
940 1960 986 2035 de
1007 1958 1206 2036 Theodoro
1228 1961 1360 2036 Mallio

353 2107 440 2168 iane
462 2121 571 2195 quam
595 2093 701 2169 do'cta
721 2109 757 2171 e't
774 2099 899 2198 polita.
952 2096 1024 2173 Pro
1045 2125 1126 2198 qun,
1150 2124 1234 2170 cum
1254 2097 1358 2170 illam

310 2261 312 2264 ·
352 2209 498 2329 mecjum
521 2232 790 2308 communicare·
815 2232 980 2328 voluisti,
1008 2260 1084 2306 nou
1107 2259 1253 2332 possum
1280 2259 1357 2307 non
1429 2237 1435 2246 ’

353 2365 422 2440 tihi
449 2387 485 2442 et
507 2382 589 2444 meo
608 2379 644 2443 et'
666 2369 719 2442 rei
738 2368 927 2443 litterariae
948 2368 1094 2443 nomine
1109 2366 1236 2466 gratias
1252 2395 1355 2467 agere

352 2503 511 2604 publice.
559 2503 655 2579 Nam
677 2504 902 2598 Rubenium,
927 2525 1076 2604 propter
1099 2501 1268 2575 mirificas
1292 2501 1356 2572 in-

352 2637 450 2737 genii
475 2629 679 2738 suavitates,
723 2659 767 2715 ac·
790 2638 974 2714 doctrinae
995 2637 1191 2738 singularia
1205 2639 1353 2735 elegan-

255 2764 259 2769 ’
352 2773 458 2870 tiam‘,
496 2777 661 2852 colebam
686 2776 915 2866 adolescens,
951 2773 1115 2872 quamvis
1139 2777 1175 2846 et
1200 2773 1354 2874 parentis

351 2907 466 2984 Petri'
481 2899 618 3010 Paulli,
660 2941 701 2988 ac
736 2910 857 3013 patrui
893 2907 1059 3008 'Philippi
1083 2907 1273 3007 imagines,
1308 2931 1352 3002 et,

352 3067 464 3145 quam
494 3047 573 3146 ipse
596 3048 757 3146 gerebat,
802 3029 976 3144 dignitas,
1015 3041 1081 3142 qui
1110 3042 1199 3142 Regi
1223 3043 1352 3144 Hispa-

351 3179 435 3253 niae
463 3179 502 3254 in
536 3159 718 3274 Consilio,
764 3179 866 3280 quod
891 3178 1074 3278 Belgicam
1103 3178 1189 3275 juris
1222 3177 1351 3278 Hispa·
1410 3262 1412 3268 Ι

350 3314 426 3388 ‘nici
447 3318 687 3413 moderatur,
708 3337 783 3390 erat
808 3343 828 3386 a
854 3315 1016 3413 secretis,
1057 3334 1098 3386 ut
1120 3312 1268 3403 ceteris,
1300 3314 1349 3386 sic

350 3441 445 3524 mibi
462 3429 556 3525 eurn'v
570 3443 868 3529 commendasset.
903 3451 988 3525 ‘Ille
1013 3475 1097 3523 vero
1118 3447 1274 3523 vicissim
1292 3473 1348 3523 me

349 3595 574 3683 peramanter
593 3589 918 3688 complectebatur,
942 3607 983 3658 ut
1006 3584 1113 3659 etiam
1134 3567 1173 3656 in
1196 3603 1348 3658 extrema
1391 3683 1397 3695 „

292 3747 335 3816 17
348 3721 552 3798 valetudine
580 3725 734 3800 voluerit
759 3739 842 3797 suas'
870 3719 915 3796 de
945 3720 998 3794 Re*
1032 3718 1207 3796 Vestiaria
1232 3713 1368 3794 obsen'

348 3923 557 3946 m

358 4123 362 4131 1
416 4047 444 4111 *)
465 4046 600 4122 Epistola
617 4029 810 4115 dedicatoria,
837 4033 994 4124 praemissa
1012 4044 1079 4101 Alb.
1100 4048 1161 4100 Pet.
1179 4040 1276 4097 Paulli
1293 4045 1345 4097 Ru·
1418 4023 1422 4030 ¹

348 4139 430 4201 berrii
447 4145 673 4220 Dissertationi,
698 4137 733 4208 de
751 4145 819 4215 Vita
838 4147 935 4206 Flavii
953 4143 1052 4204 Mallii
1071 4140 1233 4204 Theodori.
1256 4141 1328 4212 1694.
