2918 5008
820 865 854 926 C.

454 1003 760 1114 conara
818 1029 1229 1108 naamannl

673 1205 1007 1271 DISSERTATIO

315 1496 813 1590 alemanno
871 1457 1344 1589 annuento

528 1663 530 1672 i
550 1704 709 1766 EIUSQUE
734 1705 913 1754 EDITIONE
936 1701 1125 1752 TERENTII.

502 1835 584 1918 Lips.
625 1857 652 1896 a.
695 1837 787 1914 1819.
822 1856 854 1917 p.
886 1831 1067 1894 1-xxtv.
1111 1833 1174 1893 ito.

735 1987 944 2006 m

294 2073 396 2192 ΞΒ.
417 2107 594 2172 Bentleium
613 2117 802 2188 quantopere
822 2107 976 2181 admirer,
998 2105 1159 2168 Candidati
1177 2106 1346 2169 humanis-

335 2215 423 2291 simi,
462 2234 557 2293 quum
586 2214 622 2271 in
650 2211 772 2288 scriptis
802 2209 879 2268 meis
905 2231 995 2290 saepe
1017 2209 1201 2286 declaravi„
1227 2221 1297 2272 tum
1320 2215 1345 2272 ii
1417 2215 1420 2223 ’

335 2315 439 2375 sciunt
468 2333 587 2388 omnes,
624 2314 677 2391 qui
703 2312 756 2371 vel
783 2311 897 2371 scholia
919 2313 997 2372 meis
1019 2313 1072 2375 vel
1093 2314 1242 2375 familiari
1267 2337 1345 2374 con-

332 2417 499 2481 suetudine
525 2417 572 2476 usi
599 2424 687 2480 aunt:¹
724 2414 885 2494 habeoque
910 2437 978 2475 eam
998 2415 1232 2479 admirationem
1255 2421 1344 2498 quasi

334 2521 556 2598 hereditariam
584 2540 603 2578 a
627 2527 828 2599 praeceptore
855 2539 943 2593 meo,
977 2513 1094 2578 Frider.
1114 2511 1201 2598 Volg.
1221 2519 1343 2598 Reizio,

335 2627 390 2704 qui
416 2643 583 2703 numquam
612 2621 794 2680 nominabat
819 2620 1013 2697 bondenum,
1050 2623 1109 2682 nisi
1136 2642 1208 2682 oum
1236 2624 1344 2702 aliqua

334 2727 530 2787 reverentiae
556 2722 799 2802 significatione,
833 2733 1013 2803 tantumque
1040 2723 1071 2782 ei
1101 2725 1272 2802 tribuebat,
1305 2737 1343 2786 ut

334 2849 405 2890 eum
447 2826 607 2908 discipulis
650 2829 712 2886 suis
752 2837 908 2906 tamquam
948 2826 1201 2907 perfectissimum
1238 2830 1344 2889 critici

335 2930 514 3011 exemplum
549 2937 748 3010 proponeret.
813 2927 905 3000 Quod
945 2930 1007 2989 viri
1045 2929 1152 2989 eximii
1188 2930 1342 3011 judicium

295 3009 299 3020 '
335 3053 429 3114 quum
452 3033 748 3108 mibiverissimum
771 3029 1343 3113 essevideatnr,saoi0egoqi1idem
1442 3039 1445 3047 '

333 3138 433 3215 idem,
476 3146 511 3194 ut
538 3136 798 3210 adolescentibus,
836 3133 890 3215 qui
915 3135 1105 3214 antiquitatis
1132 3136 1233 3196 studia
1263 3159 1343 3197 cou-

333 3249 508 3314 sectantur‚
540 3233 714 3297 Bentleium
736 3257 810 3317 prae
832 3237 963 3296 caeteris
982 3237 1092 3296 ducem
1114 3241 1342 3318 commendem,

333 3349 548 3400 verumtamen
571 3341 614 3398 ita
636 3341 669 3416 id
691 3340 794 3415 facere
816 3341 979 3413 consuevi,
1020 3351 1055 3398 ut
1081 3340 1176 3399 simul
1198 3359 1255 3402 eos·
1272 3367 1343 3404 mo-

332 3449 441 3518 neam,
479 3461 536 3517 ne,
572 3443 599 3500 si
622 3443 705 3501 viam
728 3441 906 3502 inveniendi
929 3443 997 3501 veri
1019 3452 1133 3501 rectam
1157 3445 1257 3504 abeo
1280 3450 1341 3508 sibi

332 3545 499 3606 monstrari
519 3543 664 3620 videant,
694 3547 844 3604 continuo
866 3545 977 3620 etiam,
1006 3565 1083 3624 quae
1103 3545 1265 3609 invenerit
1284 3548 1341 3610 ilie

332 3648 392 3709 hac
415 3649 483 3724 via,
512 3669 587 3709 veru
609 3669 674 3708 esse
695 3648 838 3722 credant,
868 3648 923 3707 sed
942 3648 1064 3728 potius,
1094 3661 1277 3710 conservata
1296 3654 1341 3712 li-

332 3753 453 3812 bertate
482 3751 661 3833 judicandi,
702 3751 811 3810 eadem
838 3751 908 3828 via,
949 3771 990 3809 an
1016 3751 1071 3810 ille
1101 3751 1296 3814 aberraverit
1321 3777 1340 3814 a

333 3874 426 3928 vero,
465 3855 641 3934 perspicere
663 3853 814 3912 studeant.
860 3852 907 3912 De
928 3875 987 3933 qna
1008 3874 1043 3911 re
1067 3874 1180 3932 operae
1201 3859 1341 3935 pretium

313 3973 317 4004 t
332 3957 442 4037 putavi
455 3957 563 4036 paucis
580 3954 753 4037 exponere,
774 3957 957 4036 praesertim
974 3975 1069 4034 quum
1083 3956 1210 4017 videam
1223 3957 1339 4030 Fnider⁸

335 4061 416 4140 Aug.'
433 4059 594 4136 Wolfinm‚
633 4058 685 4137 qui
705 4059 740 4117 iii
761 4058 917 4118 Analectis
940 4058 1101 4119 litterariis
1122 4061 1186 4119 vol.
1209 4060 1232 4119 Ι.
1254 4083 1339 4142 egre·

336 4162 383 4242 gie
405 4162 603 4226 dediantleio
626 4162 787 4240 disseruit,
822 4160 920 4238 iliud,
951 4159 1033 4240 quod
1055 4161 1088 4218 iu
1109 4159 1220 4242 primis
1245 4187 1263 4225 a
1283 4168 1340 4226 tali
