2918 5008
330 548 415 618 sere,
460 549 491 604 et
519 541 674 604 amicitiae
695 529 828 602 recentia
848 549 993 600 tesseram
1016 535 1202 601 Manilianas
1224 538 1333 600 lectio-

330 665 387 706 nes
408 665 427 702 a
447 654 479 706 te
500 655 688 726 exspectare.
740 642 827 704 Scias
849 651 969 720 autem,
1005 664 1054 702 me
1078 645 1116 702 ab
1136 642 1257 721 aliquot
1277 665 1334 702 au-

331 747 382 807 nia
398 747 495 810 semel
510 757 601 828 atque
617 746 731 820 iterum
753 766 794 806 ex
814 746 924 806 eodem
945 755 1051 806 vestro
1071 743 1187 804 Codice
1208 755 1338 804 nactum

331 865 399 910 esse
418 861 566 930 excerpta
585 843 750 930 quaedam,
772 849 827 908 sed
847 848 958 908 mutila
981 857 1012 908 et
1033 848 1231 928 imperfecta,
1252 849 1339 927 quod

334 971 376 1014 cx
401 954 468 1013 aliis
491 951 656 1013 Codicibus
675 953 760 1033 paria
780 952 878 1014 sertae
902 972 973 1012 cum
992 961 1095 1011 vestro
1118 952 1230 1012 aetatis
1251 960 1337 1011 certo

285 1077 287 1080 ·
333 1043 415 1118 milii
444 1064 645 1136 compertum.
697 1054 848 1127 Quattuor
874 1064 1018 1129 tantum,¹
1045 1054 1127 1133 quod
1153 1054 1266 1130 sciam,
1301 1055 1339 1113 in

334 1166 401 1220 tota
427 1155 550 1238 Europa
576 1177 660 1218 nunc
687 1165 809 1218 exstant
837 1158 1043 1238 exemplaria,
1080 1173 1158 1236 qnae
1182 1175 1339 1218 annorum

334 1257 390 1322 DC
413 1271 544 1321 aetatem
563 1280 639 1340 prae
658 1281 691 1319 se
714 1261 835 1319 serunt:
875 1255 1096 1320 Gemblacense
1117 1260 1255 1335 scilicet,
1276 1280 1339 1318 un-

336 1363 377 1425 da
399 1364 474 1423 olim
495 1363 552 1424 los.
574 1361 712 1442 Scaliger
733 1363 940 1443 posteriorem
965 1383 1052 1422 suam
1081 1362 1254 1422 editionem
1281 1363 1339 1420 ad-

337 1467 478 1542 01111νί11
512 1463 666 1526 Venetam
686 1465 721 1524 in
740 1464 929 1526 bibliotheca
949 1464 979 1524 S.
999 1465 1113 1541 Marci3
1151 1463 1340 1526 Vossianum

336 1569 372 1630 111
400 1567 566 1630 Academia
591 1567 733 1628 Leidensi
756 1579 787 1629 et
806 1579 944 1630 ‘vestrum
962 1569 1044 1628 illud
1066 1568 1237 1649 Lipsiense.
1282 1567 1340 1626 Ce-

336 1681 404 1732 tera
426 1672 547 1748 omnia,
583 1691 714 1752 quorum
734 1694 799 1734 non
821 1693 917 1752 pauca
938 1681 1032 1752 penes
1054 1691 1104 1730 me
1125 1671 1238 1745 habui,
1270 1680 1341 1729 sunt

337 1785 430 1834 notae
448 1775 631 1834 recentioris
650 1785 682 1834 et
702 1773 739 1834 ab
760 1775 998 1856 exscriptoribus
1013 1767 1126 1854 passim
1142 1774 1340 1854 interpolata.

336 1870 560 1939 'Gemblac'ensc
589 1881 690 1936 aulem
725 1873 819 1955 illud,
855 1871 936 1961 quud
961 1877 1100 1936 omnium
1128 1879 1284 1956 optimum
1311 1891 1341 1938 et

337 1983 541 2043 'taeterrimum
572 1988 633 2056 est,
672 1981 738 2062 ips'e
767 1981 866 2040 oculis
897 1979 971 2039 meis
1000 1979 1236 2058 diligentissime
1267 1980 1364 2039 olim*

336 2075 545 2165 perlustrari,
566 2058 786 2144 minutissimas
802 2101 937 2162 quasque
954 2073 1143 2142 variationes
1160 2083 1341 2162 scrupulose

336 2177 455 2246 notavi.
514 2176 695 2244 'Ceterorum
725 2176 925 2261 collationes,
949 2206 1042 2264 ‚quae
1067 2177 1286 2244 Gemblacensi
1308 2187 1343 2244 in

336 2287 496 2370 plerisque
517 2286 658 2346 omuibus
679 2287 919 2368 adstipulantur,
943 2287 1113 2352 amicorum
1134 2308 1231 2366 opera
1254 2310 1342 2346 com·

336 2390 462 2470 paravi:
501 2387 584 2450 unde
612 2390 707 2448 facile
730 2402 797 2450 erat
825 2391 1073 2471 deprehendere,
1106 2391 1235 2470 juvenes
1260 2392 1342 2463 illos,

338 2493 392 2574 qui
411 2491 578 2573 Lipsiensis
598 2491 671 2552 libri
694 2504 840 2575 excerpta
860 2495 938 2554 mihi
959 2493 1250 2567 subministrabant,
1286 2494 1344 2552 vix

338 2596 491 2656 decimam
520 2596 692 2656 lectionum
719 2610 837 2678 partem
865 2597 1009 2679 attigisse.
1052 2595 1277 2670 Quamobrem,
1315 2596 1344 2653 si

337 2710 465 2780 operatu
488 2699 619 2766 etmihi
642 2711 673 2760 et
694 2695 814 2760 auctori
836 2701 896 2780 ipsi
915 2699 1024 2760 utilem
1045 2713 1160 2760 navare
1184 2698 1251 2773 vis,
1287 2718 1343 2755 oro

335 2811 368 2862 te
391 2803 654 2882 atquevobtestor,
691 2813 726 2862 ut
749 2803 880 2864 minima
902 2823 1040 2882 quaeque
1065 2804 1229 2860 observare
1254 2809 1285 2859 et
1307 2801 1345 2858 in

278 2951 281 2958 .
321 2901 558 2998 ⁴Boeclerianae
586 2905 734 2964 editionis
763 2905 903 2984 margine
940 2915 1049 2964 notare
1083 2913 1123 2962 'ne
1158 2892 1344 2983 dedignere,

338 3017 454 3086 quanto
477 3007 677 3066 mendosiora
702 3017 733 3067 et
757 3008 938 3067 absurdiora
961 3009 1020 3067 tibi
1043 3007 1226 3080 videantur,
1257 3017 1344 3066 tanto

336 3109 461 3170 fidelius
489 3119 520 3170 et
547 3110 733 3190 diligentius.
779 3109 901 3190 Quippe
929 3127 968 3167 ex
994 3107 1055 3166 illis
1081 3109 1346 3168 contaminatissi-

314 3213 412 3289 'mis,
444 3231 522 3292 quae
546 3213 626 3271 alius
646 3215 727 3272 forte
750 3214 902 3294 spreverit
923 3223 954 3270 et
975 3212 1062 3284 uelut
1083 3211 1213 3290 indigna
1233 3221 1347 3269 notatu

336 3315 552 3394 praeterierit,
593 3335 649 3394 ego
676 3312 760 3374 hand
788 3336 859 3376 raro
884 3313 1087 3395 pulcerrimas
1110 3313 1346 3372 emendationes

258 3413 261 3420 '
334 3437 412 3476 'eruo
431 3411 475 3474 ¹et
502 3416 649 3474 extundo.
704 3415 865 3492 Ceterum,
904 3437 997 3496 quum
1029 3415 1194 3474 Maniliani
1221 3416 1347 3474 codices

336 3539 413 3603 prae
431 3517 496 3578 illis
517 3519 708 3598 reliquorum
728 3531 891 3598 poetarum
909 3519 974 3577 sint
992 3509 1173 3598 portentose
1196 3527 1227 3576 et
1246 3539 1347 3600 paene

333 3637 433 3702 supra
455 3621 550 3681 fidem
573 3622 731 3698 mendosi,
752 3625 788 3680 1η
809 3639 950 3702 magnam
973 3621 1077 3700 ntique
1099 3622 1214 3680 molem
1236 3600 1348 3694 exsur-

332 3736 447 3806 gerent
475 3734 529 3783 tua
558 3735 721 3805 excerpta,
756 3727 785 3783 -si
809 3743 848 3784 ex
867 3745 925 3784 ora
947 3722 993 3781 tui
1015 3723 1128 3789 codicis
1149 3723 1185 3780 in
1210 3722 1347 3781 chartam

256 3841 260 3849 ⁴
316 3815 448 3908 ¹pluam
469 3825 711 3902 transcriberes,
753 3827 831 3886 milii
852 3846 974 3904 quoque
995 3845 1062 3898 ,non
1082 3826 1296 3884 necessarium
1319 3836 1349 3884 et

333 3931 407 3990 ideo
436 3931 592 4008 ingratum
621 3931 760 3988 laborem
790 3928 988 4008 injungerent
1015 3928 1135 4006 singula
1165 3949 1277 3987 rursus
1316 3929 1348 3985 in

333 4033 398 4094 mei
416 4029 539 4090 codicis
563 4033 733 4110 marginem
755 4031 921 4090 inserendi.
965 4027 1073 4088 Patere
1096 4047 1184 4108 ergo,
1210 4031 1348 4089 utillud

338 4139 392 4194 'abs
414 4143 448 4192 te
468 4133 653 4212 impetrem,
676 4145 711 4193 ut
733 4135 834 4214 ipsum
857 4133 994 4210 podicem
1015 4141 1103 4217 tuum
1127 4131 1348 4194 lioeclerianae
1451 4123 1452 4140 ¹
