<?xml version="1.0" encoding="UTF-8"?>
<!DOCTYPE html PUBLIC "-//W3C//DTD XHTML 1.0 Transitional//EN"
    "http://www.w3.org/TR/xhtml1/DTD/xhtml1-transitional.dtd">
<html xmlns="http://www.w3.org/1999/xhtml" xml:lang="en" lang="en">
 <head>
  <title>
</title>
<meta http-equiv="Content-Type" content="text/html;charset=utf-8" />
  <meta name='ocr-system' content='tesseract 3.04.00' />
  <meta name='ocr-capabilities' content='ocr_page ocr_carea ocr_par ocr_line ocrx_word'/>
</head>
<body>
  <div class='ocr_page' id='page_1' title='image "./richardibentlei00hermgoog_0072.png"; bbox 0 0 2986 4980; ppageno 0'>
   <div class='ocr_carea' id='block_1_1' title="bbox 309 365 360 444">
    <p class='ocr_par' dir='ltr' id='par_1_1' title="bbox 309 365 360 444">
     <span class='ocr_line' id='line_1_1' title="bbox 309 365 360 444; baseline 0 0"><span class='ocrx_word' id='word_1_1' title='bbox 309 365 360 444; x_wconf 85' lang='grc'><strong>46</strong></span> 
     </span>
    </p>
   </div>
   <div class='ocr_carea' id='block_1_2' title="bbox 310 555 1378 921">
    <p class='ocr_par' dir='ltr' id='par_1_2' title="bbox 310 555 1378 921">
     <span class='ocr_line' id='line_1_2' title="bbox 310 555 1313 656; baseline 0.006 -28"><span class='ocrx_word' id='word_1_2' title='bbox 310 555 376 656; x_wconf 79' lang='lat' dir='ltr'>qui</span> <span class='ocrx_word' id='word_1_3' title='bbox 400 583 418 628; x_wconf 86' lang='lat' dir='ltr'>a</span> <span class='ocrx_word' id='word_1_4' title='bbox 442 577 477 628; x_wconf 91' lang='lat' dir='ltr'>ta</span> <span class='ocrx_word' id='word_1_5' title='bbox 506 573 666 648; x_wconf 85' lang='lat' dir='ltr'>amatur,</span> <span class='ocrx_word' id='word_1_6' title='bbox 707 557 778 632; x_wconf 86' lang='lat' dir='ltr'>iter·</span> <span class='ocrx_word' id='word_1_7' title='bbox 806 556 853 630; x_wconf 90' lang='lat' dir='ltr'>ad</span> <span class='ocrx_word' id='word_1_8' title='bbox 886 583 950 630; x_wconf 86' lang='lat' dir='ltr'>vos</span> <span class='ocrx_word' id='word_1_9' title='bbox 981 559 1177 654; x_wconf 72' lang='lat' dir='ltr'>acceleret,</span> <span class='ocrx_word' id='word_1_10' title='bbox 1202 560 1313 634; x_wconf 78' lang='lat' dir='ltr'>,milri</span> 
     </span>
     <span class='ocr_line' id='line_1_3' title="bbox 313 669 1312 790; baseline 0.006 -27"><span class='ocrx_word' id='word_1_11' title='bbox 313 669 386 764; x_wconf 85' lang='lat' dir='ltr'>oon</span> <span class='ocrx_word' id='word_1_12' title='bbox 405 691 490 766; x_wconf 89' lang='lat' dir='ltr'>licet</span> <span class='ocrx_word' id='word_1_13' title='bbox 506 717 583 766; x_wconf 91' lang='lat' dir='ltr'>esse</span> <span class='ocrx_word' id='word_1_14' title='bbox 600 690 801 790; x_wconf 78' lang='lat' dir='ltr'>prolixiori.</span> <span class='ocrx_word' id='word_1_15' title='bbox 836 689 894 790; x_wconf 11' lang='lat' dir='ltr'>&#39;In</span> <span class='ocrx_word' id='word_1_16' title='bbox 919 691 1045 767; x_wconf 89' lang='lat' dir='ltr'>Tullio</span> <span class='ocrx_word' id='word_1_17' title='bbox 1064 715 1167 786; x_wconf 80' lang='lat' dir='ltr'>totus</span> <span class='ocrx_word' id='word_1_18' title='bbox 1188 693 1312 778; x_wconf 79' lang='lat' dir='ltr'>adhue</span> 
     </span>
     <span class='ocr_line' id='line_1_4' title="bbox 313 825 1378 921; baseline 0.01 -25"><span class='ocrx_word' id='word_1_19' title='bbox 313 853 405 898; x_wconf 90' lang='lat' dir='ltr'>sum.</span> <span class='ocrx_word' id='word_1_20' title='bbox 458 825 570 921; x_wconf 86' lang='lat' dir='ltr'>Vale,</span> <span class='ocrx_word' id='word_1_21' title='bbox 602 853 726 900; x_wconf 87' lang='lat' dir='ltr'>meum</span> <span class='ocrx_word' id='word_1_22' title='bbox 752 847 789 900; x_wconf 90' lang='lat' dir='ltr'>ct</span> <span class='ocrx_word' id='word_1_23' title='bbox 809 825 1018 902; x_wconf 86' lang='lat' dir='ltr'>Britanniae</span> <span class='ocrx_word' id='word_1_24' title='bbox 1043 825 1169 904; x_wconf 87' lang='lat' dir='ltr'>decus.</span> <span class='ocrx_word' id='word_1_25' title='bbox 1220 829 1313 907; x_wconf 81' lang='lat' dir='ltr'>Tra-</span> <span class='ocrx_word' id='word_1_26' title='bbox 1376 831 1378 834; x_wconf 62' lang='grc'><strong>’</strong></span> 
     </span>
    </p>
   </div>
   <div class='ocr_carea' id='block_1_3' title="bbox 108 950 1077 1058">
    <p class='ocr_par' dir='ltr' id='par_1_3' title="bbox 108 950 1077 1058">
     <span class='ocr_line' id='line_1_5' title="bbox 108 950 1077 1058; baseline 0.008 -30"><span class='ocrx_word' id='word_1_27' title='bbox 108 987 110 1008; x_wconf 87' lang='lat'><em>·</em></span> <span class='ocrx_word' id='word_1_28' title='bbox 312 963 418 1058; x_wconf 81' lang='lat' dir='ltr'>jacti,</span> <span class='ocrx_word' id='word_1_29' title='bbox 459 961 507 1034; x_wconf 90' lang='lat' dir='ltr'>D.</span> <span class='ocrx_word' id='word_1_30' title='bbox 523 950 628 1035; x_wconf 79' lang='lat' dir='ltr'>XIV.</span> <span class='ocrx_word' id='word_1_31' title='bbox 654 957 1077 1040; x_wconf 75' lang='lat' dir='ltr'>Jun.‘010100xcvl.</span> 
     </span>
    </p>
   </div>
   <div class='ocr_carea' id='block_1_4' title="bbox 707 1198 910 1300">
    <p class='ocr_par' dir='ltr' id='par_1_4' title="bbox 707 1198 910 1300">
     <span class='ocr_line' id='line_1_6' title="bbox 707 1198 910 1300; baseline -0.005 -27"><span class='ocrx_word' id='word_1_32' title='bbox 707 1199 774 1300; x_wconf 88' lang='lat' dir='ltr'>Ep.</span> <span class='ocrx_word' id='word_1_33' title='bbox 804 1198 910 1278; x_wconf 89' lang='lat' dir='ltr'>XIV.</span> 
     </span>
    </p>
   </div>
   <div class='ocr_carea' id='block_1_5' title="bbox 307 1347 1300 1710">
    <p class='ocr_par' dir='ltr' id='par_1_5' title="bbox 307 1347 1300 1710">
     <span class='ocr_line' id='line_1_7' title="bbox 371 1347 1300 1432; baseline 0.001 -8"><span class='ocrx_word' id='word_1_34' title='bbox 371 1373 582 1426; x_wconf 75' lang='lat' dir='ltr'>nrcrrattoo</span> <span class='ocrx_word' id='word_1_35' title='bbox 610 1372 794 1427; x_wconf 76' lang='lat' dir='ltr'>sarratam</span> <span class='ocrx_word' id='word_1_36' title='bbox 826 1380 916 1430; x_wconf 80' lang='lat' dir='ltr'>v11to</span> <span class='ocrx_word' id='word_1_37' title='bbox 948 1374 1061 1432; x_wconf 75' lang='lat' dir='ltr'>sonat</span> <span class='ocrx_word' id='word_1_38' title='bbox 1092 1371 1233 1428; x_wconf 71' lang='lat' dir='ltr'>attonitu</span> <span class='ocrx_word' id='word_1_39' title='bbox 1297 1347 1300 1352; x_wconf 71' lang='grc'><strong>’</strong></span> 
     </span>
     <span class='ocr_line' id='line_1_8' title="bbox 568 1511 1051 1566; baseline 0.008 -6"><span class='ocrx_word' id='word_1_40' title='bbox 568 1511 614 1560; x_wconf 82' lang='lat' dir='ltr'>ac</span> <span class='ocrx_word' id='word_1_41' title='bbox 643 1511 856 1564; x_wconf 79' lang='lat' dir='ltr'>ooormrras</span> <span class='ocrx_word' id='word_1_42' title='bbox 886 1514 914 1560; x_wconf 88' lang='lat' dir='ltr'>s.</span> <span class='ocrx_word' id='word_1_43' title='bbox 947 1512 980 1560; x_wconf 79' lang='lat' dir='ltr'>a.</span> <span class='ocrx_word' id='word_1_44' title='bbox 1013 1513 1051 1566; x_wconf 85' lang='lat' dir='ltr'>n.</span> 
     </span>
     <span class='ocr_line' id='line_1_9' title="bbox 307 1643 1169 1710; baseline 0.002 -14"><span class='ocrx_word' id='word_1_45' title='bbox 307 1701 312 1710; x_wconf 72' lang='grc'>,</span> <span class='ocrx_word' id='word_1_46' title='bbox 430 1643 638 1708; x_wconf 53' lang='grc' dir='ltr'>,ιοΑΝΝΕε</span> <span class='ocrx_word' id='word_1_47' title='bbox 671 1647 900 1698; x_wconf 79' lang='lat' dir='ltr'>osoaeros</span> <span class='ocrx_word' id='word_1_48' title='bbox 929 1647 1169 1699; x_wconf 77' lang='lat' dir='ltr'>onasvrns.</span> 
     </span>
    </p>
   </div>
   <div class='ocr_carea' id='block_1_6' title="bbox 305 1908 1359 2282">
    <p class='ocr_par' dir='ltr' id='par_1_6' title="bbox 305 1908 1359 2282">
     <span class='ocr_line' id='line_1_10' title="bbox 306 1908 1344 2014; baseline -0.003 -30"><span class='ocrx_word' id='word_1_49' title='bbox 306 1935 373 2008; x_wconf 90' lang='lat' dir='ltr'>per</span> <span class='ocrx_word' id='word_1_50' title='bbox 397 1931 538 1985; x_wconf 85' lang='lat' dir='ltr'>nostras</span> <span class='ocrx_word' id='word_1_51' title='bbox 559 1931 672 1986; x_wconf 85' lang='lat' dir='ltr'>terras</span> <span class='ocrx_word' id='word_1_52' title='bbox 697 1908 736 1982; x_wconf 88' lang='lat' dir='ltr'>in</span> <span class='ocrx_word' id='word_1_53' title='bbox 756 1909 912 2014; x_wconf 75' lang='lat' dir='ltr'>patriam</span> <span class='ocrx_word' id='word_1_54' title='bbox 939 1909 1155 2006; x_wconf 80' lang='lat' dir='ltr'>revertenti,</span> <span class='ocrx_word' id='word_1_55' title='bbox 1187 1910 1309 1982; x_wconf 87' lang='lat' dir='ltr'>nullos</span> <span class='ocrx_word' id='word_1_56' title='bbox 1339 1939 1344 1948; x_wconf 90' lang='lat'><strong>·</strong></span> 
     </span>
     <span class='ocr_line' id='line_1_11' title="bbox 305 2043 1349 2146; baseline 0.001 -29"><span class='ocrx_word' id='word_1_57' title='bbox 305 2043 441 2118; x_wconf 87' lang='lat' dir='ltr'>dubito</span> <span class='ocrx_word' id='word_1_58' title='bbox 479 2044 571 2146; x_wconf 86' lang='lat' dir='ltr'>quin</span> <span class='ocrx_word' id='word_1_59' title='bbox 608 2047 805 2145; x_wconf 83' lang='lat' dir='ltr'>acceperis.</span> <span class='ocrx_word' id='word_1_60' title='bbox 879 2044 954 2118; x_wconf 85' lang='lat' dir='ltr'>Hic</span> <span class='ocrx_word' id='word_1_61' title='bbox 986 2045 1088 2119; x_wconf 87' lang='lat' dir='ltr'>vides</span> <span class='ocrx_word' id='word_1_62' title='bbox 1120 2045 1307 2144; x_wconf 75' lang='lat' dir='ltr'>specimen</span> <span class='ocrx_word' id='word_1_63' title='bbox 1339 2089 1349 2104; x_wconf 40' lang='grc' dir='ltr'><em>α</em></span> 
     </span>
     <span class='ocr_line' id='line_1_12' title="bbox 306 2175 1359 2282; baseline -0.002 -28"><span class='ocrx_word' id='word_1_64' title='bbox 306 2195 463 2254; x_wconf 58' lang='lat' dir='ltr'>tuarum.</span> <span class='ocrx_word' id='word_1_65' title='bbox 475 2200 644 2252; x_wconf 89' lang='lat' dir='ltr'>notarum</span> <span class='ocrx_word' id='word_1_66' title='bbox 663 2180 702 2252; x_wconf 88' lang='lat' dir='ltr'>in</span> <span class='ocrx_word' id='word_1_67' title='bbox 723 2179 991 2282; x_wconf 82' lang='lat' dir='ltr'>Epigrammata</span> <span class='ocrx_word' id='word_1_68' title='bbox 1014 2175 1242 2274; x_wconf 79' lang='lat' dir='ltr'>Callimachi,</span> <span class='ocrx_word' id='word_1_69' title='bbox 1264 2205 1308 2253; x_wconf 80' lang='lat' dir='ltr'>ex</span> <span class='ocrx_word' id='word_1_70' title='bbox 1355 2267 1359 2274; x_wconf 15' lang='grc' dir='ltr'>α</span> 
     </span>
    </p>
   </div>
   <div class='ocr_carea' id='block_1_7' title="bbox 246 1035 1485 2428">
    <p class='ocr_par' dir='ltr' id='par_1_7' title="bbox 246 1035 1485 2428">
     <span class='ocr_line' id='line_1_13' title="bbox 1484 1035 1485 1088; baseline 0 0"><span class='ocrx_word' id='word_1_71' title='bbox 1484 1035 1485 1088; x_wconf 87' lang='lat' dir='ltr'>l</span> 
     </span>
     <span class='ocr_line' id='line_1_14' title="bbox 246 1757 1310 1874; baseline -0.005 -23"><span class='ocrx_word' id='word_1_72' title='bbox 246 1782 311 1851; x_wconf 82' lang='lat'>55.</span> <span class='ocrx_word' id='word_1_73' title='bbox 384 1765 560 1870; x_wconf 67' lang='lat' dir='ltr'>Iritteras,</span> <span class='ocrx_word' id='word_1_74' title='bbox 583 1802 685 1874; x_wconf 73' lang='lat' dir='ltr'>quas</span> <span class='ocrx_word' id='word_1_75' title='bbox 715 1774 803 1852; x_wconf 86' lang='lat' dir='ltr'>dedi</span> <span class='ocrx_word' id='word_1_76' title='bbox 828 1772 964 1850; x_wconf 84' lang='lat' dir='ltr'>Mando</span> <span class='ocrx_word' id='word_1_77' title='bbox 990 1757 1117 1849; x_wconf 83' lang='lat' dir='ltr'>nostro</span> <span class='ocrx_word' id='word_1_78' title='bbox 1144 1799 1187 1849; x_wconf 85' lang='lat' dir='ltr'>ex</span> <span class='ocrx_word' id='word_1_79' title='bbox 1210 1774 1310 1849; x_wconf 83' lang='lat' dir='ltr'>Italia</span> 
     </span>
     <span class='ocr_line' id='line_1_15' title="bbox 1484 2229 1485 2303; baseline 0 0"><span class='ocrx_word' id='word_1_80' title='bbox 1484 2229 1485 2303; x_wconf 87' lang='lat' dir='ltr'>l</span> 
     </span>
     <span class='ocr_line' id='line_1_16' title="bbox 1484 2393 1485 2428; baseline 0 0"><span class='ocrx_word' id='word_1_81' title='bbox 1484 2393 1485 2428; x_wconf 68' lang='lat' dir='ltr'>r</span> 
     </span>
    </p>
   </div>
   <div class='ocr_carea' id='block_1_8' title="bbox 173 2312 1307 3640">
    <p class='ocr_par' dir='ltr' id='par_1_8' title="bbox 261 2312 1307 2953">
     <span class='ocr_line' id='line_1_17' title="bbox 261 2312 1307 2418; baseline 0.002 -32"><span class='ocrx_word' id='word_1_82' title='bbox 261 2313 263 2320; x_wconf 84' lang='grc'><strong>’</strong></span> <span class='ocrx_word' id='word_1_83' title='bbox 307 2339 383 2413; x_wconf 90' lang='lat' dir='ltr'>quo</span> <span class='ocrx_word' id='word_1_84' title='bbox 407 2313 514 2403; x_wconf 87' lang='lat' dir='ltr'>facilc</span> <span class='ocrx_word' id='word_1_85' title='bbox 541 2341 607 2414; x_wconf 89' lang='lat' dir='ltr'>per</span> <span class='ocrx_word' id='word_1_86' title='bbox 634 2335 671 2418; x_wconf 84' lang='lat' dir='ltr'>te</span> <span class='ocrx_word' id='word_1_87' title='bbox 694 2314 886 2413; x_wconf 80' lang='lat' dir='ltr'>intelligis,</span> <span class='ocrx_word' id='word_1_88' title='bbox 918 2313 1013 2386; x_wconf 91' lang='lat' dir='ltr'>nihil</span> <span class='ocrx_word' id='word_1_89' title='bbox 1034 2312 1081 2387; x_wconf 89' lang='lat' dir='ltr'>ad</span> <span class='ocrx_word' id='word_1_90' title='bbox 1106 2314 1307 2390; x_wconf 78' lang='lat' dir='ltr'>editionem</span> 
     </span>
     <span class='ocr_line' id='line_1_18' title="bbox 304 2447 1307 2551; baseline -0.005 -25"><span class='ocrx_word' id='word_1_91' title='bbox 304 2449 409 2526; x_wconf 86' lang='lat' dir='ltr'>istius</span> <span class='ocrx_word' id='word_1_92' title='bbox 437 2469 568 2551; x_wconf 86' lang='lat' dir='ltr'>poetae</span> <span class='ocrx_word' id='word_1_93' title='bbox 594 2449 852 2548; x_wconf 78' lang='lat' dir='ltr'>proferendam</span> <span class='ocrx_word' id='word_1_94' title='bbox 881 2450 929 2520; x_wconf 90' lang='lat' dir='ltr'>in.</span> <span class='ocrx_word' id='word_1_95' title='bbox 946 2450 1066 2526; x_wconf 86' lang='lat' dir='ltr'>lucem</span> <span class='ocrx_word' id='word_1_96' title='bbox 1093 2447 1307 2545; x_wconf 83' lang='lat' dir='ltr'>desiderari,</span> 
     </span>
     <span class='ocr_line' id='line_1_19' title="bbox 304 2581 1306 2686; baseline -0.003 -27"><span class='ocrx_word' id='word_1_97' title='bbox 304 2606 415 2686; x_wconf 83' lang='lat' dir='ltr'>quarn</span> <span class='ocrx_word' id='word_1_98' title='bbox 438 2605 573 2660; x_wconf 86' lang='lat' dir='ltr'>ceteras</span> <span class='ocrx_word' id='word_1_99' title='bbox 594 2605 673 2660; x_wconf 89' lang='lat' dir='ltr'>tuas</span> <span class='ocrx_word' id='word_1_100' title='bbox 699 2581 1032 2660; x_wconf 80' lang='lat' dir='ltr'>animadversiones</span> <span class='ocrx_word' id='word_1_101' title='bbox 1059 2584 1099 2656; x_wconf 86' lang='lat' dir='ltr'>in</span> <span class='ocrx_word' id='word_1_102' title='bbox 1120 2583 1306 2682; x_wconf 61' lang='lat' dir='ltr'>Epigrame·</span> 
     </span>
     <span class='ocr_line' id='line_1_20' title="bbox 302 2718 1307 2820; baseline -0.004 -26"><span class='ocrx_word' id='word_1_103' title='bbox 302 2741 397 2796; x_wconf 89' lang='lat' dir='ltr'>mata</span> <span class='ocrx_word' id='word_1_104' title='bbox 423 2741 461 2796; x_wconf 88' lang='lat' dir='ltr'>et</span> <span class='ocrx_word' id='word_1_105' title='bbox 485 2721 713 2820; x_wconf 81' lang='lat' dir='ltr'>Fragmenta.</span> <span class='ocrx_word' id='word_1_106' title='bbox 792 2725 898 2818; x_wconf 83' lang='lat' dir='ltr'>Quae</span> <span class='ocrx_word' id='word_1_107' title='bbox 924 2739 998 2817; x_wconf 85' lang='lat' dir='ltr'>quo</span> <span class='ocrx_word' id='word_1_108' title='bbox 1024 2718 1199 2792; x_wconf 85' lang='lat' dir='ltr'>maturius</span> <span class='ocrx_word' id='word_1_109' title='bbox 1224 2739 1307 2815; x_wconf 86' lang='lat' dir='ltr'>per-</span> 
     </span>
     <span class='ocr_line' id='line_1_21' title="bbox 303 2852 1304 2953; baseline -0.004 -25"><span class='ocrx_word' id='word_1_110' title='bbox 303 2859 467 2930; x_wconf 78' lang='lat' dir='ltr'>ferentur</span> <span class='ocrx_word' id='word_1_111' title='bbox 498 2857 546 2930; x_wconf 87' lang='lat' dir='ltr'>ad</span> <span class='ocrx_word' id='word_1_112' title='bbox 576 2871 667 2944; x_wconf 89' lang='lat' dir='ltr'>nos,</span> <span class='ocrx_word' id='word_1_113' title='bbox 706 2876 808 2929; x_wconf 89' lang='lat' dir='ltr'>tanto</span> <span class='ocrx_word' id='word_1_114' title='bbox 831 2855 939 2928; x_wconf 83' lang='lat' dir='ltr'>citius</span> <span class='ocrx_word' id='word_1_115' title='bbox 964 2853 1088 2928; x_wconf 90' lang='lat' dir='ltr'>lucem</span> <span class='ocrx_word' id='word_1_116' title='bbox 1113 2852 1304 2953; x_wconf 77' lang='lat' dir='ltr'>aspicient.</span> 
     </span>
    </p>

    <p class='ocr_par' dir='ltr' id='par_1_9' title="bbox 173 2987 1304 3361">
     <span class='ocr_line' id='line_1_22' title="bbox 173 2987 1303 3091; baseline -0.005 -26"><span class='ocrx_word' id='word_1_117' title='bbox 173 3014 176 3022; x_wconf 62' lang='lat'><strong>¹</strong></span> <span class='ocrx_word' id='word_1_118' title='bbox 204 3067 209 3072; x_wconf 78' lang='grc'><strong>,</strong></span> <span class='ocrx_word' id='word_1_119' title='bbox 302 2997 370 3077; x_wconf 85' lang='lat' dir='ltr'>Eas</span> <span class='ocrx_word' id='word_1_120' title='bbox 387 3011 618 3090; x_wconf 82' lang='lat' dir='ltr'>expectamus</span> <span class='ocrx_word' id='word_1_121' title='bbox 639 2989 889 3091; x_wconf 85' lang='lat' dir='ltr'>cupidissime.</span> <span class='ocrx_word' id='word_1_122' title='bbox 941 2989 1096 3090; x_wconf 76' lang='lat' dir='ltr'>Accipis.</span> <span class='ocrx_word' id='word_1_123' title='bbox 1111 2987 1175 3063; x_wconf 91' lang='lat' dir='ltr'>hic</span> <span class='ocrx_word' id='word_1_124' title='bbox 1196 2987 1303 3062; x_wconf 78' lang='lat' dir='ltr'>etiam</span> 
     </span>
     <span class='ocr_line' id='line_1_23' title="bbox 302 3122 1304 3230; baseline -0.006 -28"><span class='ocrx_word' id='word_1_125' title='bbox 302 3125 488 3227; x_wconf 79' lang='lat' dir='ltr'>specimen</span> <span class='ocrx_word' id='word_1_126' title='bbox 513 3124 766 3219; x_wconf 88' lang='lat' dir='ltr'>Manethonis,</span> <span class='ocrx_word' id='word_1_127' title='bbox 806 3125 909 3230; x_wconf 91' lang='lat' dir='ltr'>qnod</span> <span class='ocrx_word' id='word_1_128' title='bbox 932 3153 976 3198; x_wconf 84' lang='lat' dir='ltr'>ex</span> <span class='ocrx_word' id='word_1_129' title='bbox 1002 3123 1196 3198; x_wconf 88' lang='lat' dir='ltr'>Germania</span> <span class='ocrx_word' id='word_1_130' title='bbox 1221 3122 1304 3196; x_wconf 83' lang='lat' dir='ltr'>heri</span> 
     </span>
     <span class='ocr_line' id='line_1_24' title="bbox 303 3255 1303 3372; baseline -0.009 -35"><span class='ocrx_word' id='word_1_131' title='bbox 303 3261 538 3361; x_wconf 76' lang='lat' dir='ltr'>adportatum</span> <span class='ocrx_word' id='word_1_132' title='bbox 572 3279 637 3334; x_wconf 89' lang='lat' dir='ltr'>est.-</span> <span class='ocrx_word' id='word_1_133' title='bbox 695 3259 828 3336; x_wconf 85' lang='lat' dir='ltr'>Editor</span> <span class='ocrx_word' id='word_1_134' title='bbox 860 3281 915 3334; x_wconf 92' lang='lat' dir='ltr'>est</span> <span class='ocrx_word' id='word_1_135' title='bbox 944 3259 1093 3372; x_wconf 84' lang='lat' dir='ltr'>qnidam</span> <span class='ocrx_word' id='word_1_136' title='bbox 1119 3255 1303 3333; x_wconf 87' lang='lat' dir='ltr'>Fabritins</span> 
     </span>
    </p>

    <p class='ocr_par' dir='ltr' id='par_1_10' title="bbox 279 3391 1302 3632">
     <span class='ocr_line' id='line_1_25' title="bbox 279 3391 1302 3500; baseline -0.003 -31"><span class='ocrx_word' id='word_1_137' title='bbox 279 3464 284 3500; x_wconf 79' lang='lat' dir='ltr'>z</span> <span class='ocrx_word' id='word_1_138' title='bbox 304 3399 532 3484; x_wconf 82' lang='lat' dir='ltr'>Germanus,</span> <span class='ocrx_word' id='word_1_139' title='bbox 570 3395 709 3481; x_wconf 82' lang='lat' dir='ltr'>mihi</span> <span class='ocrx_word' id='word_1_140' title='bbox 698 3417 865 3496; x_wconf 80' lang='lat' dir='ltr'>rgnotus,</span> <span class='ocrx_word' id='word_1_141' title='bbox 903 3394 975 3468; x_wconf 88' lang='lat' dir='ltr'>nisi</span> <span class='ocrx_word' id='word_1_142' title='bbox 1008 3391 1112 3495; x_wconf 88' lang='lat' dir='ltr'>quod</span> <span class='ocrx_word' id='word_1_143' title='bbox 1145 3393 1302 3469; x_wconf 88' lang='lat' dir='ltr'>viderim</span> 
     </span>
     <span class='ocr_line' id='line_1_26' title="bbox 301 3523 1302 3640; baseline -0.004 -34"><span class='ocrx_word' id='word_1_144' title='bbox 301 3529 505 3632; x_wconf 83' lang='lat' dir='ltr'>aliquod&#39;</span> <span class='ocrx_word' id='word_1_145' title='bbox 480 3523 820 3630; x_wconf 76' lang='grc' dir='ltr'><strong><em>αποσπασματιον,</em></strong></span> <span class='ocrx_word' id='word_1_146' title='bbox 849 3551 932 3604; x_wconf 89' lang='lat' dir='ltr'>ante</span> <span class='ocrx_word' id='word_1_147' title='bbox 956 3530 1099 3640; x_wconf 81' lang='lat' dir='ltr'>aliquot</span> <span class='ocrx_word' id='word_1_148' title='bbox 1119 3551 1232 3606; x_wconf 87' lang='lat' dir='ltr'>annos</span> <span class='ocrx_word' id='word_1_149' title='bbox 1255 3531 1302 3602; x_wconf 90' lang='lat' dir='ltr'>ah</span> 
     </span>
    </p>
   </div>
   <div class='ocr_carea' id='block_1_9' title="bbox 236 3799 1299 4208">
    <p class='ocr_par' dir='ltr' id='par_1_11' title="bbox 236 3799 1299 4174">
     <span class='ocr_line' id='line_1_27' title="bbox 298 3799 1299 3904; baseline -0.007 -27"><span class='ocrx_word' id='word_1_150' title='bbox 298 3803 447 3904; x_wconf 88' lang='lat' dir='ltr'>pediem</span> <span class='ocrx_word' id='word_1_151' title='bbox 468 3802 622 3876; x_wconf 85' lang='lat' dir='ltr'>habebis</span> <span class='ocrx_word' id='word_1_152' title='bbox 644 3803 813 3902; x_wconf 84' lang='lat' dir='ltr'>epistolas</span> <span class='ocrx_word' id='word_1_153' title='bbox 828 3801 1004 3904; x_wconf 88' lang='lat' dir='ltr'>Marquar</span> <span class='ocrx_word' id='word_1_154' title='bbox 997 3799 1045 3874; x_wconf 86' lang='lat' dir='ltr'>da</span> <span class='ocrx_word' id='word_1_155' title='bbox 1059 3799 1197 3894; x_wconf 85' lang='lat' dir='ltr'>Gudii,¹</span> <span class='ocrx_word' id='word_1_156' title='bbox 1223 3825 1299 3872; x_wconf 89' lang='lat' dir='ltr'>non</span> 
     </span>
     <span class='ocr_line' id='line_1_28' title="bbox 298 3933 1299 4037; baseline -0.008 -23"><span class='ocrx_word' id='word_1_157' title='bbox 298 3938 447 4037; x_wconf 84' lang='lat' dir='ltr'>multas,</span> <span class='ocrx_word' id='word_1_158' title='bbox 482 3937 548 4012; x_wconf 85' lang='lat' dir='ltr'>sed</span> <span class='ocrx_word' id='word_1_159' title='bbox 579 3937 713 4036; x_wconf 90' lang='lat' dir='ltr'>quihus</span> <span class='ocrx_word' id='word_1_160' title='bbox 737 3956 966 4024; x_wconf 83' lang='lat' dir='ltr'>accesserunt</span> <span class='ocrx_word' id='word_1_161' title='bbox 991 3933 1212 4034; x_wconf 86' lang='lat' dir='ltr'>appendices</span> <span class='ocrx_word' id='word_1_162' title='bbox 1245 3953 1299 4006; x_wconf 90' lang='lat' dir='ltr'>sat</span> 
     </span>
     <span class='ocr_line' id='line_1_29' title="bbox 236 4069 1299 4208; baseline -0.011 -55"><span class='ocrx_word' id='word_1_163' title='bbox 236 4081 283 4154; x_wconf 84' lang='grc'><strong>54</strong></span> <span class='ocrx_word' id='word_1_164' title='bbox 299 4071 451 4208; x_wconf 85' lang='lat' dir='ltr'>grandes</span> <span class='ocrx_word' id='word_1_165' title='bbox 474 4072 765 4174; x_wconf 87' lang='lat' dir='ltr'>epistolarum</span> <span class='ocrx_word' id='word_1_166' title='bbox 731 4098 895 4151; x_wconf 70' lang='lat' dir='ltr'>virorum</span> <span class='ocrx_word' id='word_1_167' title='bbox 918 4069 1125 4168; x_wconf 78' lang='lat' dir='ltr'>doctorum,</span> <span class='ocrx_word' id='word_1_168' title='bbox 1152 4070 1218 4171; x_wconf 90' lang='lat' dir='ltr'>qui</span> <span class='ocrx_word' id='word_1_169' title='bbox 1240 4096 1299 4142; x_wconf 85' lang='lat' dir='ltr'>so·</span> 
     </span>
    </p>
   </div>
   <div class='ocr_carea' id='block_1_10' title="bbox 0 0 1498 4980">
    <p class='ocr_par' dir='ltr' id='par_1_12' title="bbox 0 0 1498 4980">
     <span class='ocr_line' id='line_1_30' title="bbox 0 0 1498 4980; baseline 0 0"><span class='ocrx_word' id='word_1_170' title='bbox 0 0 1498 4980; x_wconf 95' lang='lat' dir='ltr'> </span> 
     </span>
    </p>
   </div>
   <div class='ocr_carea' id='block_1_11' title="bbox 299 3661 1485 4088">
    <p class='ocr_par' dir='ltr' id='par_1_13' title="bbox 299 3651 1485 4042">
     <span class='ocr_line' id='line_1_31' title="bbox 299 3661 1303 3768; baseline -0.006 -24"><span class='ocrx_word' id='word_1_171' title='bbox 299 3695 344 3744; x_wconf 93' lang='lat' dir='ltr'>eo</span> <span class='ocrx_word' id='word_1_172' title='bbox 359 3667 596 3768; x_wconf 79' lang='lat' dir='ltr'>publicatum,</span> <span class='ocrx_word' id='word_1_173' title='bbox 624 3667 670 3742; x_wconf 93' lang='lat' dir='ltr'>de</span> <span class='ocrx_word' id='word_1_174' title='bbox 692 3666 882 3767; x_wconf 82' lang='lat' dir='ltr'>anonymis</span> <span class='ocrx_word' id='word_1_175' title='bbox 906 3687 942 3738; x_wconf 92' lang='lat' dir='ltr'>et</span> <span class='ocrx_word' id='word_1_176' title='bbox 967 3661 1162 3766; x_wconf 81' lang='lat' dir='ltr'>plagiariis.</span> <span class='ocrx_word' id='word_1_177' title='bbox 1213 3663 1303 3738; x_wconf 90' lang='lat' dir='ltr'>Pro·</span> 
     </span>
     <span class='ocr_line' id='line_1_32' title="bbox 1484 3987 1485 4088; baseline 0 -46"><span class='ocrx_word' id='word_1_178' title='bbox 1484 3987 1485 4088; x_wconf 93' lang='grc'><strong>4</strong></span> 
     </span>
    </p>
   </div>
  </div>
 </body>
</html>
