2918 5008
361 447 412 534 90,

361 622 444 702 „dex
458 621 561 682 bonus
581 616 612 680 C.
635 615 669 679 C.
690 618 721 682 C.
743 619 849 682 Naevi
869 621 982 684 Plauti
1001 623 1067 685 sine
1087 624 1308 706 conjunctione
1324 641 1355 687 oe.

362 725 501 805 „Follor‚
531 745 572 784 an
592 725 636 782 sic
662 723 748 784 dedit
767 723 950 786 Tarentinas

406 871 412 878 -
490 827 665 901 „Colacem
685 847 749 886 esse
770 847 876 908 nempe
883 871 895 900 ,
919 827 1028 888 Plauti
1052 841 1182 888 veterem
1195 830 1359 912 sobolom:

488 933 650 1011 „parasiti
669 951 834 1010 personam
855 930 926 990 inde
946 931 1085 991 oblatam
1106 945 1137 991 et
1156 935 1304 994 militum
1346 998 1350 1013 ἱ

359 1033 400 1096 Et
421 1035 482 1096 hoc
503 1036 538 1094 iu
558 1045 647 1094 textu
669 1036 782 1115 posuit
832 1033 974 1115 Captiosa
995 1036 1088 1112 haec,
1125 1037 1180 1096 sed
1200 1039 1301 1098 valde
1310 1040 1356 1098 in-

358 1139 448 1198 lirina
476 1139 645 1218 disputatio
676 1147 728 1196 est.
747 1123 751 1135 ⁸
773 1137 819 1198 De
846 1138 945 1197 Plauti
973 1140 1097 1218 quidem
1127 1138 1241 1200 Colace
1269 1143 1355 1201 hodic

360 1245 451 1302 etiam
482 1261 539 1322 per
566 1238 754 1300 Frontonem
784 1251 922 1314 constat,
959 1243 1011 1321 qui
1038 1243 1100 1302 vol.
1122 1241 1144 1300 I.
1170 1265 1200 1324 p.
1225 1245 1276 1304 80.
1300 1237 1354 1303 tres

266 1325 268 1332 Ι
360 1341 400 1406 ὲκ
430 1365 466 1404 ea
492 1344 597 1403 fabula
623 1363 731 1403 versus
763 1344 858 1402 affert.
899 1343 947 1403 De
979 1343 1090 1404 Colace
1119 1343 1231 1408 Naevii
1261 1333 1353 1406 autem

359 1447 442 1528 quod
471 1449 529 1521 ait,
566 1448 729 1526 superbius
751 1448 843 1506 simul
864 1457 895 1506 et
914 1449 1099 1508 incuriosius
1119 1452 1352 1528 pronunciatum

359 1561 413 1610 est.
464 1547 586 1631 Operae
613 1550 749 1630 pretium
779 1557 861 1608 certa
890 1560 972 1627 erat,
1009 1553 1194 1612 nominatim
1221 1554 1352 1612 indicare

357 1661 494 1713 vetustos
522 1653 594 1711 illos
623 1651 720 1712 Nonii
747 1651 956 1732 Priscianique
976 1653 1113 1728 codices,
1150 1675 1284 1734 quorum
1303 1677 1354 1714 au-

358 1758 501 1816 ctoritate
520 1756 622 1816 Novio
645 1777 682 1816 ea
702 1755 807 1814 fabula
828 1756 1029 1815 adscribenda
1052 1765 1137 1815 esset.
1189 1758 1271 1818 Nam
1294 1759 1353 1817 No-

355 1861 404 1920 nii
437 1861 586 1920 editiones
614 1860 757 1937 antiquae
789 1859 940 1918 Naevium
967 1860 1149 1934 nominant,
1183 1863 1235 1920 cui
1264 1862 1353 1921 Novii

322 1995 323 2004 κ
356 1985 473 2024 nornen
494 1961 551 2023 Ios.
573 1961 730 2022 Mercerus
754 1983 798 2020 ex·
820 1962 999 2042 conjectura
1019 1963 1264 2022 substituendum
1287 1983 1351 2022 oen-

293 2137 297 2146 ,
357 2068 425 2127 suit.
468 2067 561 2127 Nunc
589 2085 683 2146 quum
714 2064 834 2124 Novius
862 2066 1074 2124 Atellanarum
1095 2067 1230 2144 scriptor
1253 2065 1351 2140 fuerit,

356 2157 445 2250 eujus
465 2171 588 2228 fabulae
609 2169 676 2228 fere
698 2187 804 2226 omnes
827 2167 937 2226 Latina
961 2179 1014 2226 aut
1042 2166 1120 2225 Osca
1143 2171 1274 2228 nomina
1299 2169 1351 2227 ha-

356 2274 449 2347 bent,
486 2282 522 2330 ut
541 2271 580 2329 de
598 2271 776 2349 perpaucis,
815 2289 893 2348 quae
918 2269 1043 2329 Graecis
1071 2271 1249 2330 nominibus
1277 2281 1350 2345 sunt,

356 2373 567 2454 quaerendum
576 2415 585 2460 ,
629 2392 669 2431 an
706 2371 798 2453 hujus
826 2349 953 2451 'poetae'
979 2375 1058 2448 sint,
1102 2393 1168 2433 esse
1197 2377 1351 2450 videatur3

356 2497 450 2558 quum
478 2495 572 2556 porro
602 2473 744 2534 Terentii
772 2475 844 2533 libri
869 2495 976 2534 omnes
1004 2487 1108 2555 aperte
1128 2475 1241 2538 Naevii
1265 2477 1351 2537 Cola-

355 2603 423 2641 cem
452 2579 604 2639 exstitisse
633 2586 801 2652 testentur;
841 2578 975 2657 denique
996 2599 1089 2656 quum
1121 2600 1190 2639 eam
1217 2581 1349 2640 fabulam

354 2685 410 2744 sub
441 2681 554 2742 Naevii
583 2682 710 2739 nomine
740 2681 835 2740 semel
866 2679 1055 2756 Priscianus,
1093 2683 1213 2762 saepius
1233 2683 1348 2743 Nonius

355 2785 480 2860 afferat,
509 2785 543 2842 in
565 2781 674 2862 quibus
696 2783 795 2843 sicubi
814 2785 915 2843 variat
934 2785 1069 2870 nominis
1090 2785 1259 2863 scriptura,
1281 2781 1349 2845 'non

354 2889 439 2949 valet
472 2887 532 2950 hou
568 2888 716 2946 continuo
746 2887 785 2946 ad
815 2887 1049 2968 abjudicandam
1079 2907 1097 2944 a
1125 2887 1245 2947 Naevio
1272 2889 1349 2947 hanc

294 2985 296 2992 ’
352 2992 508 3066 fabulam,
550 2990 700 3070 siquidem
723 2988 849 3065 Naevii,
885 2989 995 3064 Novii,
1028 2989 1151 3064 Laevii,
1186 2989 1271 3051 Livii
1293 3008 1348 3066 no-

352 3095 440 3154 mina
459 3095 577 3174 ubique
606 3101 847 3155 commutantur:
895 3093 1000 3152 omnia
1034 3113 1091 3152 nos
1128 3115 1164 3152 eo
1205 3095 1348 3154 videntur

341 3199 506 3260 adducere
536 3195 667 3272 debere,
701 3207 737 3255 ut
765 3215 831 3256 non
861 3195 970 3272 Novii,
1012 3196 1065 3258 sed
1084 3195 1195 3255 Naevii
1214 3197 1347 3256 fabulam

294 3296 331 3358 18
355 3297 497 3358 Colacem
518 3299 611 3359 fuisse
632 3309 807 3358 statuamus.
850 3299 978 3358 Accedit
997 3299 1080 3378 quod
1098 3299 1272 3378 fragmenta
1292 3300 1348 3358 hu-

348 3402 398 3483 jus
425 3400 565 3474 fabulae,
601 3409 635 3458 ut
655 3422 674 3459 a
695 3401 789 3460 Nov'ii
818 3402 887 3460 stilo
913 3421 978 3460 non
1007 3401 1206 3477 abhorreant,
1244 3414 1346 3462 tarnen

348 3503 492 3585 nequod
514 3525 532 3563 a
552 3501 669 3563 Naevio
691 3503 816 3582 quidem
838 3505 972 3564 alienum
993 3505 1097 3584 putari
1117 3505 1249 3580 debeat,·
1273 3527 1347 3565 con-

347 3610 459 3668 tinent.
509 3606 589 3666 Sunt
620 3616 722 3666 autetu
749 3605 833 3666 haec.
865 3605 975 3686 ·Apud
1002 3607 1138 3666 Nonium
1166 3607 1201 3666 in
1224 3629 1254 3670 v.
1272 3629 1346 3688 pro-

348 3709 469 3770 lubium
488 3728 519 3792 p.
541 3709 592 3787 64,
615 3731 642 3790 9.
686 3711 861 3798 Naevius
847 3731 883 3768 m
907 3709 1033 3772 Colace.-

765 3825 794 3871 αι
814 3813 890 3890 nolo,

479 3925 509 3973 et
529 3935 654 3991 vereor,
691 3927 721 3973 et
735 3917 885 3998 socero
872 3937 906 3974 m
911 3912 1064 4006 prolubio
1085 3925 1138 3973 est

349 4018 439 4098 Apud
470 4019 650 4079 eumdem
641 4041 674 4077 in
698 4041 732 4079 v.
757 4019 917 4099 collump.
941 4036 1013 4098 200,
1034 4018 1083 4078 24
1116 4019 1275 4078 Naevius:
1298 4038 1344 4076 cor

350 4129 456 4178 utrum
483 4123 630 4202 scopulos
663 4124 736 4202 plus
772 4145 815 4182 aa
849 4123 945 4181 collus
979 4121 1054 4181 colli
1087 4121 1200 4180 habeat
1234 4127 1343 4182 nescio.

351 4222 529 4304 Corrigunt:
563 4226 703 4287 Naeuius
731 4227 838 4288 Colace
848 4252 856 4283 .·
886 4239 1010 4310 utrum,·
1038 4235 1137 4302 recte,
1161 4235 1195 4286 ut
1213 4228 1344 4288 videtur.
