2950 4998
709 801 721 820 Ι
768 699 985 814 prxv.

318 879 366 953 82
454 904 566 960 vitto
605 887 754 956 sonito
794 901 1038 956 arenauno
1068 876 1306 954 'assatura
1347 939 1352 948 .
1451 885 1452 956 l

793 1041 821 1090 8.
858 1039 890 1090 Ρ.
929 1037 966 1088 Ι).

692 1175 718 1224 1·
758 1175 794 1230 G·
830 1171 1070 1225 onanvltts.

457 1315 540 1392 Jam
564 1315 727 1392 triduum
747 1316 891 1409 effluxit,
913 1341 997 1418 cum
1016 1311 1151 1390 litteras
1173 1309 1220 1386 ad
1244 1334 1279 1386 te
1295 1308 1372 1384 dedi

380 1477 448 1556 per
468 1452 618 1554 Muray,
641 1454 792 1528 Scotum
817 1451 946 1545 domo,
973 1431 1069 1522 sicut
1092 1471 1173 1523 aute
1197 1459 1271 1522 t'res
1294 1473 1371 1548 qoa-
1448 1429 1451 1436 ’

380 1609 509 1664 tuorve
528 1587 774 1664 hebdomades
792 1567 860 1660 tibi
881 1583 964 1658 misi
983 1611 1043 1658 sex
1063 1581 1279 1686 exemplaria
1299 1579 1372 1664 Cal·

380 1721 553 1818 limachi,
595 1721 734 1824 tibique
762 1719 908 1796 nomine
940 1719 994 1794 rei
1025 1717 1232 1812 litterariae,
1248 1761 1251 1766 -
1270 1689 1372 1816 quam
1452 1771 1453 1814 p

307 1963 312 1966 -
381 1856 451 1931 tibi
476 1851 678 1976 'detinuisti
725 1854 974 1929 eruditissimis
1018 1849 1372 1928 commentationibus

381 1989 422 2064 in
455 1988 555 2064 bunc
586 1992 732 2085 Vatem,
773 1991 901 2092 gratias
934 1989 1003 2090 egi.
1076 1986 1184 2061 Nunc
1215 1981 1373 2060 eumad

381 2147 446 2199 vos
466 2117 659 2198 contendat
680 2126 839 2225 egregius
859 2125 996 2223 juvenis
1017 2123 1295 2216 Risselmannus,
1318 2146 1373 2191 cu·

381 2243 678 2369 jus'reyerendus
694 2287 823 2361 parens
837 2259 1052 2334 Professoris
1065 2257 1288 2355 Theologiae
1300 2280 1374 2356 per·
1447 2296 1452 2309 =

384 2417 510 2468 sonam
542 2385 626 2504 cum
652 2423 780 2494 magna
807 2393 977 2495 dignitate
1010 2393 1159 2467 sustinet
1181 2391 1220 2462 io
1243 2386 1375 2464 Acade·

298 2597 302 2606 .
383 2516 457 2603 mia
477 2530 784 2624 Francofurtensi,
829 2557 920 2630 quae
944 2549 997 2602 est
1021 2525 1068 2600 ad
1095 2525 1278 2622 Oderam,
1307 2538 1374 2598 nott
1453 2502 1454 2560 l

383 2639 589 2766 potuisnon
602 2649 750 2765 petenti
772 2663 910 2738 aditum
932 2661 978 2735 ad
998 2684 1033 2737 te
1053 2660 1249 2740 videndum
1272 2682 1307 2734 et
1329 2683 1375 2731 sa·
1453 2751 1454 2790 1

382 2779 575 2873 lutandum
595 2802 792 2901 patefacere
815 2797 873 2872 his
898 2797 1035 2872 litteris.
1087 2795 1376 2884 Nullusdubito‘,

385 2933 475 3032 quin
498 2942 663 3033 juvenem
688 2935 878 3029 eximium3
906 2933 972 3033 qui
998 2955 1052 3030 te,
1078 2956 1251 3032 tanquam
1275 2917 1376 3004 decus

323 3111 330 3122 ·
383 3067 534 3142 unicum
555 3070 760 3144 Britanniae
785 3069 876 3146 colit
899 3090 935 3143 et
960 3068 1126 3168 suspicit,
1161 3067 1314 3141 comiter
1335 3065 1377 3136 sis

384 3200 616 3279 admissurus.
667 3203 769 3292 Quid
790 3205 875 3279 novi
900 3202 962 3276 hic
984 3203 1177 3277 moliantur
1196 3199 1378 3275 viridoeti

385 3338 558 3438 nuperius
573 3337 767 3438 significavi
783 3307 861 3415 tibi.
912 3337 1013 3410 Dum
1026 3335 1115 3412 haec
1128 3315 1267 3435 scribo,
1292 3335 1385 3408 salu.

377 3473 503 3546 'tatum
525 3500 582 3548 me
602 3473 699 3548 venit
720 3464 776 3549 c'l.
796 3473 1040 3568 Harw'ordus,
1064 3497 1107 3544 ex
1122 3498 1197 3570 quo
1210 3467 1324 3544 multa
1338 3467 1379 3541 de
1453 3475 1454 3478 ’

123 3641 126 3648 ·
206 3663 212 3675 «
310 3585 590 3708 ‘esoeeognovl
598 3635 774 3708 perquam
789 3631 897 3707 grata.
940 3605 995 3680 Te
1008 3633 1074 3705 per
1087 3607 1294 3683 communia
1307 3603 1382 3705 qui·

386 3742 455 3814 bus
487 3729 652 3815 tenemur
678 3741 796 3816 studia
822 3742 982 3816 obtestor
1012 3767 1058 3814 ne
1078 3734 1178 3838 'quae
1205 3739 1381 3839 praeclare

386 3875 427 3947 in
452 3875 634 3976 Hesychio
658 3897 694 3950 et
718 3877 798 3949 aliis
823 3843 1056 3977 scriptoribus
1085 3874 1299 3970 observasti,
1323 3863 1381 3972 pa·

386 4007 486 4081 tiaris
516 4009 588 4084 situ
626 4010 849 4086 obsolescere
880 4032 1029 4111 propter
1060 4011 1193 4084 incerta
1237 4034 1382 4082 casuum

375 4139 646 4243 bumanorum,
681 4171 735 4240 nel
752 4143 948 4250 aliquando
980 4168 1042 4232 aut
1061 4146 1239 4224 tinearum
1263 4145 1383 4248 pabu-
