2918 5008
326 411 370 478 76

327 589 389 662 e'st,
411 585 465 664 qui
487 583 607 666 positus
629 591 675 642 est
696 584 731 642 in
753 583 888 644 naturali
911 582 1040 664 quadam
1065 584 1213 644 facultate
1231 587 1331 646 statim

325 686 613 760 animadvertendi,
634 685 708 764 quid
730 705 849 766 quaque
871 686 906 744 in
925 707 961 746 re
981 708 1108 762 verum,
1130 699 1258 768 aptum,
1281 690 1335 749 de-

326 812 450 867 corum,
480 798 646 850 venustum
666 789 722 848 sit:
752 791 802 849 cui
824 791 880 850 etsi
888 833 896 864 ,
926 799 962 848 ut
981 790 1061 864 dixi,
1090 793 1287 852 nutrimenta
1306 791 1336 852 et

325 895 445 956 cultum
473 892 602 974 praebet
635 890 828 970 antiquitatis
856 894 1092 973 pervestigatio,
1128 905 1236 953 tamen
1258 916 1335 975 pro-

327 1017 434 1058 creare
455 1017 544 1072 eum,
566 996 663 1056 sicui
684 1015 747 1052 non
771 1005 815 1055 est
836 1017 854 1054 a
874 1006 986 1056 natura
1007 995 1113 1072 datus,
1137 1019 1204 1056 non
1226 1006 1334 1078 potest

322 1100 379 1162 Est
407 1110 510 1160 autem
540 1108 602 1160 tam
630 1099 790 1179 praeclara
817 1098 896 1158 baec
926 1109 1017 1178 atque
1046 1101 1162 1160 eximia
1191 1101 1334 1179 facultas,

322 1213 358 1262 ut
390 1203 456 1262 sola
484 1201 526 1260 sit
554 1199 652 1274 illud,
683 1201 766 1280 quod
788 1200 907 1284 ingenii
927 1203 1053 1261 nomine
1074 1203 1235 1282 appellare
1259 1226 1333 1264 cou-

323 1305 490 1367 suevimus.
537 1302 604 1376 Qua
626 1304 677 1382 qui
698 1303 832 1382 praediti
855 1312 941 1380 sunt,
967 1305 1059 1363 etiam
1077 1305 1104 1362 si
1121 1317 1251 1366 careant
1269 1308 1329 1383 ills,

324 1413 417 1490 quant
444 1409 546 1467 statim
573 1402 726 1481 dicemus,
763 1405 870 1486 judicii
893 1405 1076 1482 subtilitate,
1113 1417 1220 1474 tamen
1241 1431 1331 1490 saepe

322 1511 503 1572 felicissime
525 1519 673 1570 exercent
697 1517 794 1567 artem
821 1508 979 1580 criticam,
1016 1520 1167 1588 quatenus
1198 1532 1235 1572 ea
1265 1514 1333 1590 qui-

296 1599 305 1634 ”’
324 1615 395 1674 dem
418 1613 452 1672 in
477 1611 676 1695 conjectandi
704 1611 851 1670 facilitate
879 1611 1033 1672 consistit:
1071 1613 1125 1672 sed
1150 1614 1251 1674 sires
1276 1615 1332 1674 de-

322 1717 550 1778 monstratione
579 1713 714 1794 indiget,
732 1789 734 1794 ·
750 1734 851 1794 neque
878 1714 940 1794 ipsi
961 1715 1019 1774 sibi
1041 1716 1175 1774 rationes
1199 1716 1331 1778 reddere

322 1830 470 1902 possunt,
512 1837 614 1900 neque
643 1817 720 1876 alios
751 1837 812 1896 quo
839 1816 878 1875 ad
899 1837 985 1876 suam
1006 1817 1192 1886 sententiam
1213 1819 1331 1898 perdu-

284 1925 302 1984 5
325 1933 412 1998 cant,
449 1921 573 1984 babent.
618 1918 825 1994 Quamobrem
846 1921 940 1979 tertia
963 1920 1111 1980 accedere
1133 1920 1226 1980 debet
1245 1923 1330 2002 judi-

298 2029 301 2046 ¹
325 2029 365 2087 cii
391 2027 438 2087 vis
467 2033 498 2084 et
526 2023 693 2096 subtilitas,
734 2043 813 2101 quae
834 2023 948 2082 caussis
971 2043 1075 2083 rerum
1097 2025 1330 2106 investigandis,

324 2129 581 2210 explicandisque
599 2125 788 2199 rationibus,
811 2135 841 2183 et
863 2125 1024 2185 doctrinae
1046 2135 1077 2186 et
1096 2127 1202 2186 sensui
1222 2128 1330 2188 lumen

322 2231 438 2291 alferat.
496 2229 595 2309 Atque
623 2227 715 2306 hujus
746 2226 870 2285 demum
898 2229 1030 2288 accessio
1059 2229 1152 2306 facit,
1195 2240 1231 2288 ut
1264 2229 1331 2311 quis

320 2353 395 2394 vere
416 2333 524 2411 dignus
547 2329 759 2410 appellatione
782 2329 881 2389 critici
906 2333 1025 2391 censeri
1045 2332 1161 2411 possit,
1191 2352 1258 2392 nou
1280 2354 1329 2393 se-

321 2457 374 2497 cus
395 2455 430 2496 ac
454 2434 588 2494 militem
608 2452 709 2514 neque
732 2451 817 2492 arma
838 2431 973 2510 faciunt,
1016 2456 1074 2494 nec
1101 2435 1270 2512 fortitudo,
1304 2435 1329 2493 si

321 2539 488 2620 disciplina
512 2547 603 2618 atque
631 2535 815 2598 exercitatio
840 2535 928 2595 absit.
971 2535 1026 2597 Est
1050 2549 1153 2598 autem
1177 2539 1256 2599 haec
1283 2543 1328 2600 uti

319 2623 584 2723 praestantissima
607 2639 639 2697 in
664 2639 773 2700 critico
797 2644 913 2718 virtus,
933 2643 977 2700 ita
1000 2641 1105 2700 eadem
1129 2641 1223 2701 eb‘am
1245 2643 1328 2722 peri·

320 2745 527 2820 culosissima,
573 2763 638 2801 non
675 2746 758 2822 quod
793 2745 861 2824 quis
898 2744 1031 2802 nimium
1066 2743 1182 2804 habere
1216 2744 1327 2825 judicii

320 2859 426 2929 queat,
464 2847 519 2906 sed
546 2845 629 2925 quod
658 2847 742 2906 abuti
772 2868 808 2906 eo
837 2848 979 2926 proclive
1009 2856 1062 2906 est.
1119 2847 1220 2918 Quum
1244 2848 1328 2906 enim

320 2948 373 3030 qui
403 2951 467 3009 acri
495 2948 613 3030 judiqio
644 2959 731 3026 sunt,
771 2950 954 3030 plerumque
975 2951 1132 3009 severiore
1153 2949 1276 3010 soleant
1297 2959 1329 3009 et

318 3053 490 3112 fervidiore
517 3052 644 3130 ingenio
666 3054 798 3132 praediti
821 3073 904 3129 esse,
942 3052 1034 3111 facile
1057 3071 1094 3111 eo
1121 3053 1328 3132 abripiuntur,

318 3167 354 3216 ut
375 3155 441 3214 sola
460 3153 571 3237 judicii
594 3155 626 3214 vi
649 3155 755 3214 omnia
773 3153 881 3234 perfici
902 3177 994 3235 posse
1016 3155 1212 3232 existiment,
1237 3165 1328 3234 atque

317 3259 362 3317 ita
384 3259 477 3315 modo
501 3278 551 3330 ea,
574 3278 650 3337 quae
672 3259 818 3318 discendo
841 3258 983 3337 cognosci
1007 3256 1138 3332 debent,
1160 3260 1328 3338 negligant,

318 3359 558 3426 rnodosensum
580 3361 807 3422 admonitorem
831 3382 896 3420 non
921 3361 1057 3419 audiant.
1108 3359 1180 3419 Non
1205 3372 1253 3420 est
1273 3381 1328 3420 au-

316 3471 379 3521 tem
402 3463 577 3542 obscurum,
598 3481 657 3541 pro
678 3483 794 3539 rerum,
814 3483 887 3542 quas
909 3464 976 3542 quis
993 3471 1114 3537 tractet,
1135 3464 1326 3538 diversitate,

315 3567 386 3645 plus
408 3565 510 3626 minus
532 3584 602 3624 eum
627 3567 710 3624 abuti
732 3565 851 3646 jndicio
873 3587 970 3648 posse.
1016 3565 1096 3624 Sunt
1118 3567 1219 3640 enim,
1250 3587 1326 3645 quae

315 3669 409 3728 unice
429 3667 647 3748 judicioopus
667 3669 817 3728 habeant:
855 3670 891 3728 in
922 3670 1031 3752 quibus
1058 3669 1164 3726 nullus
1194 3678 1241 3728 est
1271 3671 1325 3727 ab-

315 3789 387 3830 usus
411 3771 528 3852 judicii.
573 3771 667 3830 Aliud
690 3782 736 3830 est
757 3772 859 3848 enim,
880 3793 1042 3852 perperam
1062 3771 1221 3849 judicare,
1245 3771 1326 3852 qnod

315 3883 418 3953 potest
439 3866 579 3932 accidere
604 3877 697 3935 etiam
718 3895 781 3932 nou
805 3876 944 3934 abutenti
965 3874 1101 3956 judicio,
1136 3873 1240 3949 aliud,
1270 3876 1324 3931 ab·

316 3977 362 4034 uti
384 3976 520 4054 judicio,
552 3977 634 4056 quod
656 3979 759 4036 lucere
778 3986 879 4057 potest
900 3979 992 4036 etiam
1016 3976 1068 4054 qui
1091 3987 1174 4034 recte
1198 3977 1322 4058 judicat.

317 4079 399 4136 Sunt
427 4066 509 4137 ¹vcro
545 4081 653 4153 ctianr,
694 4093 771 4158 qnam
803 4081 1028 4138 moderatorem
1060 4078 1168 4156 judicii
1200 4100 1322 4138 sensum

316 4181 422 4254 illum,
458 4201 549 4259 quem
572 4181 721 4258 diximus,
759 4181 935 4262 requirant:
971 4184 1005 4241 in
1029 4202 1088 4260 quo
1112 4201 1228 4258 genere
1251 4202 1324 4261 pro-
