2950 4998
492 722 564 824 rap.r
599 723 735 798 xciv.
782 751 785 761 >

205 920 485 973 nertennnno
523 917 580 976 er
616 917 1026 980 noer-isernovrao
1130 901 1199 972 145

226 1099 228 1107 r
271 1054 512 1106 nrcnsrroo
539 1053 770 1104 renotem
809 1057 837 1107 s.
868 1057 900 1103 Ρ.
925 1059 962 1106 o.

284 1169 286 1172 ’
327 1215 330 1220 -
374 1188 547 1242 essens
580 1176 855 1239 conmissus

119 1357 127 1390 ⁴
195 1337 239 1410 Si
259 1333 437 1438 pudorem
464 1356 500 1411 et
512 1321 764 1411 verecundiam
787 1336 824 1410 in
848 1339 1040 1416 consilinm
1054 1338 1116 1416 ad·

118 1470 338 1570 libuissem,
371 1472 667 1546 abstinerecerte
693 1471 819 1546 abhis
846 1473 1038 1550 exarandis
1055 1474 1118 1550 de·

118 1605 297 1702 buissem,
333 1607 417 1706 quia
441 1608 534 1682 forte
570 1633 645 1680 non
666 1628 779 1706 gratas
807 1607 885 1684 fore
905 1634 947 1716 ex
973 1610 1117 1686 silentio

121 1741 168 1814 ed
198 1741 342 1842 priores
372 1769 393 1816 a
420 1745 482 1820 'me
514 1740 560 1815 ad
581 1745 616 1816 te'
640 1738 756 1836 datas,
790 1741 960 1842 colligere
983 1743 1127 1842 potuis·'

120 1891 214 1971 sem',
250 1897 286 1951 et
300 1877 395 1950 *satis
429 1875 553 1976 ingens
582 1902 711 1977 operae
745 1901 844 1950 meae
868 1876 1121 1977 pretium-eri·

122 1991 268 2086 stimare
276 2025 290 2104 ,'
312 2013 343 2084 si
361 2013 492 2085 tacitus
512 2010 752 2085 eruditionem
766 2032 802 2086 et
818 2009 1120 2110 ingeniumtuum

122 2145 460 2220 mecnmadmirari
486 2139 706 2223 ervenerari
726 2173 931 2248 pergerem,
956 2143 1045 2219 dum
1068 2123 1128 2242 ea,¹

122 2307 214 2380 quae
246 2307 332 2356 cum
364 2282 452 2356 orbe
489 2281 631 2357 erudito
664 2271 930 2357 communicata
946 2321 949 2328 ·
966 2279 1122 2376 voluisti,

18 2498 21 2520 Ι
123 2435 274 2488 summa*
294 2443 378 2490 eum
409 2416 591 2518 voluptate
617 2418 754 2494 evolvo.
808 2413 896 2490 Sed¹
909 2436 951 2488 ut
974 2419 1124 2516 flagran·
1210 2474 1213 2484 .

123 2549 253 2622 tissimi
280 2553 441 2650 ardoris,
482 2579 556 2654 quo
583 2539 639 2626 *ad
662 2537 863 2646 *amicitiam
896 2572 996 2624 tuam
1024 2551 1121 2626 nltro

87 2691 89 2698 '
124 2685 393 2786 exposcendam
413 2707 449 2762 et
472 2684 846 2778 obtinendam-feror,
875 2684 949 2761 vim
965 2701 1124 2790 'cognos-
1173 2765 1176 2770 ‚

23 2879 27 2886 .
123 2827 206 2915 cas,
235 2821 380 2896 alterins
406 2821 568 2922 repulsae
593 2820 796 2920 periculum
827 2845 904 2895 non
931 2817 1124 2895 formidavi

126 2955 257 3030 subire
313 2955 398 3064 Ipse
416 2977 549 3030 tamen
585 2979 660 3029 non
691 2981 855 3053 magnam
897 2950 1124 3042 admissionis

121 3089 297 3164 fiduciam
326 3117 511 3192 caperem,
540 3087 610 3162 nisi
640 3115 741 3190 spem
769 3115 886 3165 meam
911 3087 1124 3164 accenderet

121 3224 247 3302 omnis
268 3226 460 3326 elegantiae
483 3249 625 3326 semper
656 3212 800 3300 hibitus
819 3223 984 3320 Arbiter,
1012 3251 1123 3323 quem

123 3383 194 3463 pro
221 3387 280 3436 me
304 3358 576 3462 deprecatorem·
603 3357 651 3432 cd
675 3356 730 3434 Te
753 3360 886 3460 alleg0,
915 3358 1060 3459 etqui,
1088 3357 1123 3470 si
1178 3363 1181 3373 ‘

125 3497 240 3576 modo
282 3513 358 3572 no'n
388 3495 528 3595 antiqui
565 3495 711 3570 Catonis
731 3493 979 3595 *supercilium
1015 3493 1139 3570 altius,
1202 3494 1203 3498 ’
1255 3583 1256 3586 ¹

127 3635 255 3730 tollas,
270 3632 428 3734 gratiam
454 3651 551 3706 tuam
564 3631 657 3704 mihi
673 3630 775 3705 ¹forte
794 3614 1009 3705 eonciliibit.
1047 3633 1209 3706 ltu-146

121 3769 237 3846 'hitavi
265 3767 415 3870 quidem
434 3793 490 3840 'an
523 3761 721 3840 advirum
751 3759 1001 3839 severioribno
1014 3784 1051 3838 et
1073 3791 1125 3837 sa-

127 3905 207 3978 cris-
222 3902 366 3979 studiis
378 3917 584 4004 operantem
606 3882 679 3974 tain
691 3902 817 3975 levem
836 3900 943 4001 vulgo
954 3897 1124 3976 habitum

128 4038 341 4140 scriptorem
357 4007 562 4133 mitterem,
582 4035 659 4112 *scd*
673 4035 757 4136 quia
777 4057 811 4110 te
834 4060 971 4112 comest
994 4034 1060 4109 iste
1075 4035 1125 4113 vi·

131 4193 366 4251 rorum-nota
389 4193 464 4248 esse
487 4173 668 4278 perspexi,
700 4171 766 4271 qui
796 4169 1045 4270 omnia·hujus
1068 4197 1126 4282 ge·
