2918 5008
1091 385 1193 507 79¹

119 614 184 696 qui
204 611 271 674 n'ou
294 609 357 672 alio
380 611 477 692 duee,
514 633 610 695 quam
633 632 725 675 sensu
747 621 819 694 suo,
855 615 966 697 spretis
987 612 1134 678 inanibus

126 717 345 804 magistrorum
372 719 573 793 commentis,
613 737 697 779 nova
717 719 861 798 nullique
881 727 1000 779 tentata
1021 721 1073 780 via
1094 720 1136 780 ad
1222 716 1224 720 ’

124 796 293 883 veritafem
321 821 508 901 perruperit.
557 819 639 880 Nam
673 841 768 901 quum
801 821 901 881 omnis
932 823 1136 887 numerorum

127 923 261 982 scientia
283 943 302 982 a
323 943 414 982 seusu
435 925 589 1004 originem
610 923 718 999 ducat,
739 933 882 984 naturam
904 943 1011 984 eorum
1031 932 1136 984 autem

125 1025 323 1104 rationesque
346 1025 501 1106 explicare
523 1026 742 1086 difficillimum
765 1027 820 1087 sit:
856 1047 922 1086 non
941 1035 989 1086 est
1010 1027 1134 1109 mirum,
1187 1085 1218 1110 N,

127 1126 321 1204 Bentleium,
349 1147 428 1206 quae
448 1148 524 1188 vera
544 1149 610 1188 esse
630 1129 775 1204 sentiret,
803 1147 897 1209 quum
918 1150 955 1210 ea
976 1129 1135 1208 explicare

127 1250 195 1289 non
224 1238 343 1311 posset,
394 1231 540 1290 audacter
570 1241 606 1292 ut
633 1242 716 1293 certa
744 1233 779 1290 in
812 1231 951 1292 medium
979 1232 1135 1308 attulisse5

126 1353 263 1414 quorum
294 1332 516 1412 explanatione
541 1343 575 1392 ut
607 1327 807 1413 supersedere
831 1343 952 1416 posset,
988 1355 1141 1399 arcanam,
1212 1321 1222 1393 .’

126 1432 283 1512 rationem
313 1435 446 1494 musices
478 1438 685 1513 memorabat,
733 1437 811 1496 bene
840 1458 971 1518 gnarus,
1011 1439 1134 1518 opinor,

127 1538 198 1598 aliis
229 1557 298 1598 eam
325 1558 390 1597 non
414 1539 511 1618 magis
540 1559 631 1619 quam
658 1540 720 1598 sibi
748 1540 810 1619 ipsi
834 1550 941 1600 notam
972 1561 1046 1602 esse.
1088 1539 1135 1600 Ita

129 1640 253 1715 evenit,
274 1648 322 1716 ut,
347 1659 439 1718 quum
457 1640 610 1720 judicium
629 1644 666 1702 ab
686 1642 845 1704 hisrebus
864 1643 977 1722 procul
995 1642 1135 1717 haberet,

128 1743 293 1822 solumque
315 1763 438 1826 sensum
467 1729 662 1822 sequeretur,
695 1765 761 1804 non
782 1744 936 1826 incideret
956 1746 990 1808 iu
1013 1765 1135 1804 errores

126 1843 221 1932 ilwlos,¹
265 1867 283 1904 a
317 1845 435 1925 quibus¹
460 1847 551 1908 aliter
584 1867 696 1910 vereor
724 1857 760 1908 ut
786 1847 936 1927 immunis
964 1849 1135 1911 mansisset.

128 1949 222 2024 Quod
250 1949 276 2006 si
305 1948 340 2006 in
371 1949 498 2030 singulis
527 1949 710 2032 quibusdam
735 1951 814 2009 locis
836 1960 890 2008 aut
908 1951 1046 2011 versibus
1070 1950 1134 2011 Te-

126 2033 225 2114 reutii
253 2053 290 2110 ab
319 2059 404 2112 recta
429 2061 596 2116 metrorum
619 2053 740 2111 ratione
762 2055 933 2128 aberravit,
968 2052 1046 2116 hacc
1067 2064 1134 2111 n'ou
1227 2097 1230 2106 .

127 2165 178 2214 est
202 2155 271 2234 ,ejus
302 2154 448 2214 metricae
479 2157 627 2216 scientiae
658 2157 807 2236 quaedam
836 2157 1040 2236 perversitas,
1079 2154 1134 2215 sed

128 2258 172 2318 de
194 2256 297 2316 verbis
318 2257 357 2320 ad
377 2267 475 2318 metra
495 2261 763 2320 accommodandis
785 2239 916 2340 prarum
939 2259 1100 2339 judicium.

217 2357 322 2438 Itaque
352 2369 386 2418 ut
415 2361 520 2439 paucis
544 2363 823 2445 comprehendam,
861 2364 905 2420 sic
926 2343 1133 2442 judicabimus

129 2463 172 2522 de
194 2459 351 2536 Bentleio,
372 2461 406 2519 in
429 2463 519 2520 rebus
542 2441 697 2522 historicis
717 2466 858 2526 criticum
879 2469 953 2530 eum
972 2485 1038 2522 esse
1058 2480 1136 2542 per-

126 2563 349 2640 fectissimum
388 2564 423 2626 in
447 2566 631 2647 scriptorum
655 2574 756 2627 autern
777 2576 934 2641 veterum,
970 2545 1133 2644 poetarum

127 2668 285 2741 maxime,
331 2667 547 2732 emendatione
578 2669 756 2750 saepissime
781 2670 909 2728 abusum
931 2690 995 2727 esse
1016 2669 1132 2750 judicio

127 2792 206 2844 suu,
243 2771 287 2828 ita
308 2778 428 2846 tamen,
459 2781 495 2830 ut
517 2772 608 2830 etiam
630 2773 683 2834 ubi
707 2781 803 2852 errat,
838 2773 877 2850 in⁴
894 2751 1134 2829 demonstranda

128 2872 387 2950 defendendaque
418 2875 571 2937 sententia
599 2894 654 2934 sua
683 2875 871 2938 admirabilis
896 2855 952 2950 sit,
989 2873 1133 2950 denique,

126 2977 186 3036 nbi
216 2996 285 3034 eum
312 2975 359 3034 rei
382 2986 495 3064 'natura
526 2999 562 3036 ac
590 2979 756 3036 necessitas
784 2977 932 3056 quaedam
962 2976 1000 3034 ad
1029 2977 1130 3034 solum
1193 2958 1196 2965 Ι

126 3099 254 3138 sensum
282 3077 350 3137 veri
377 3079 555 3158 redegerat,
598 3080 686 3140 nulla
718 3080 837 3162 judicio
865 3078 1012 3163 abutendi
1041 3077 1131 3158 copia

124 3182 255 3255 relicta,
286 3181 436 3240 eximium
456 3182 604 3262 conspici.

213 3282 278 3342 lam
305 3303 380 3342 vero
403 3285 486 3363 quod
509 3275 547 3344 ad
570 3285 825 3366 ejus·editionem
846 3283 989 3344 Terentii
1011 3285 1131 3361 attinet,
1154 3290 1173 3348 8
1264 3285 1300 3344 ‘'t·

128 3386 171 3446 de
201 3406 261 3465 qua
289 3385 372 3466 qnod
402 3388 440 3445 ad
469 3405 536 3447 rem
563 3393 723 3448 metricam
746 3398 863 3468 spectat
883 3389 956 3468 quid
977 3389 1132 3464 sentirem,

126 3508 197 3548 nou
215 3509 279 3546 uno
300 3490 369 3547 loco
392 3490 427 3547 in
448 3488 513 3565 his,
542 3512 619 3571 quae
643 3493 681 3550 de
704 3493 809 3553 metris
830 3493 958 3570 scripsi,
978 3490 1134 3570 significa-

126 3576 278 3665 tumeat,
316 3591 354 3650 dc
377 3612 418 3666 ea
433 3593 514 3670 quod
536 3614 629 3673 supra
651 3594 806 3668 dicebam,
841 3594 940 3652 multo
967 3614 1017 3652 me
1043 3593 1134 3652 aliter

125 3693 286 3775 judicare,
309 3714 409 3773 quam·
422 3693 469 3753 Fr.
488 3696 522 3753 A.
543 3693 705 3775 Wolfium,
731 3698 765 3755 id
785 3705 820 3754 ut
839 3715 905 3754 uon
924 3695 991 3754 sine
1010 3696 1133 3755 idoneis

126 3795 307 3875 rationibus
329 3796 445 3856 dictum
477 3799 653 3874 ostendam,
702 3819 767 3856 non
795 3798 871 3858 hinc
895 3799 989 3864 illino
1017 3783 1133 3878 aliquid

77 3931 90 3940 -
128 3897 312 3977 decerpam,
348 3900 431 3977 quod
452 3903 624 3979 quaesitum
646 3904 749 3981 potius
772 3922 852 3976 esse,
880 3920 970 3980 quam
994 3902 1077 3960 ultro
1099 3921 1133 3960 se
1153 3901 1184 3911 ''

128 4001 279 4062 obtulisse
299 4000 456 4080 rideatur,
472 4004 541 4065 ,sed
561 4005 792 4094 prologiatutar
812 4003 950 4065 Andriae
973 4013 1004 4062 et
1025 3999 1134 4060 Eunu-

129 4103 200 4178 chi,
243 4111 279 4162 ut
307 4104 459 4188 ejusmodi
488 4106 655 4185 exemplis,
688 4108 722 4167 iu
745 4111 852 4186 quibus
874 4107 1030 4185 aliquanto
1052 4105 1133 4163 diffi-

129 4206 240 4284 ciliu's,
265 4225 368 4285 quam
387 4208 422 4266 in
446 4207 530 4284 aliis,
559 4210 643 4290 quod
666 4213 788 4292 peccari
807 4209 962 4292 potuerit,
993 4208 1131 4270 inveniri
