<?xml version="1.0" encoding="UTF-8"?>
<!DOCTYPE html PUBLIC "-//W3C//DTD XHTML 1.0 Transitional//EN"
    "http://www.w3.org/TR/xhtml1/DTD/xhtml1-transitional.dtd">
<html xmlns="http://www.w3.org/1999/xhtml" xml:lang="en" lang="en">
 <head>
  <title>
</title>
<meta http-equiv="Content-Type" content="text/html;charset=utf-8" />
  <meta name='ocr-system' content='tesseract 3.04.00' />
  <meta name='ocr-capabilities' content='ocr_page ocr_carea ocr_par ocr_line ocrx_word'/>
</head>
<body>
  <div class='ocr_page' id='page_1' title='image "./richardibentlei00hermgoog_0395.png"; bbox 0 0 2918 5008; ppageno 0'>
   <div class='ocr_carea' id='block_1_1' title="bbox 1112 339 1155 470">
    <p class='ocr_par' dir='ltr' id='par_1_1' title="bbox 1112 339 1155 470">
     <span class='ocr_line' id='line_1_1' title="bbox 1112 339 1155 470; baseline 0.093 -4"><span class='ocrx_word' id='word_1_1' title='bbox 1112 339 1155 470; x_wconf 76' lang='lat' dir='ltr'><strong>n</strong></span> 
     </span>
    </p>
   </div>
   <div class='ocr_carea' id='block_1_2' title="bbox 81 571 1220 2708">
    <p class='ocr_par' dir='ltr' id='par_1_2' title="bbox 81 571 1220 2708">
     <span class='ocr_line' id='line_1_2' title="bbox 139 571 1152 652; baseline 0.001 -11"><span class='ocrx_word' id='word_1_2' title='bbox 139 575 289 641; x_wconf 75' lang='lat' dir='ltr'><strong>editionis</strong></span> <span class='ocrx_word' id='word_1_3' title='bbox 310 575 422 637; x_wconf 87' lang='lat' dir='ltr'><strong>adme</strong></span> <span class='ocrx_word' id='word_1_4' title='bbox 443 572 506 636; x_wconf 85' lang='lat' dir='ltr'><strong>lmc</strong></span> <span class='ocrx_word' id='word_1_5' title='bbox 529 571 739 652; x_wconf 77' lang='lat' dir='ltr'><strong>transmittas,</strong></span> <span class='ocrx_word' id='word_1_6' title='bbox 769 575 825 638; x_wconf 85' lang='lat' dir='ltr'><strong>ubi</strong></span> <span class='ocrx_word' id='word_1_7' title='bbox 846 575 944 639; x_wconf 84' lang='lat' dir='ltr'><strong>semel</strong></span> <span class='ocrx_word' id='word_1_8' title='bbox 965 573 1073 640; x_wconf 85' lang='lat' dir='ltr'><strong>omnes</strong></span> <span class='ocrx_word' id='word_1_9' title='bbox 1094 596 1152 642; x_wconf 56' lang='lat' dir='ltr'><strong>vad</strong></span> 
     </span>
     <span class='ocr_line' id='line_1_3' title="bbox 137 679 1152 762; baseline 0.005 -20"><span class='ocrx_word' id='word_1_10' title='bbox 137 684 257 743; x_wconf 84' lang='lat' dir='ltr'><strong>riantes</strong></span> <span class='ocrx_word' id='word_1_11' title='bbox 285 680 440 740; x_wconf 89' lang='lat' dir='ltr'><strong>lectiones</strong></span> <span class='ocrx_word' id='word_1_12' title='bbox 470 679 503 740; x_wconf 90' lang='lat' dir='ltr'><strong>in</strong></span> <span class='ocrx_word' id='word_1_13' title='bbox 534 681 601 760; x_wconf 87' lang='lat' dir='ltr'><strong>ejus</strong></span> <span class='ocrx_word' id='word_1_14' title='bbox 633 679 771 758; x_wconf 81' lang='lat' dir='ltr'><strong>margine</strong></span> <span class='ocrx_word' id='word_1_15' title='bbox 804 679 1021 760; x_wconf 75' lang='lat' dir='ltr'><strong>descripseris:</strong></span> <span class='ocrx_word' id='word_1_16' title='bbox 1065 685 1152 762; x_wconf 78' lang='lat' dir='ltr'><strong>quod</strong></span> 
     </span>
     <span class='ocr_line' id='line_1_4' title="bbox 135 781 1153 863; baseline -0.002 -19"><span class='ocrx_word' id='word_1_17' title='bbox 135 795 227 846; x_wconf 87' lang='lat' dir='ltr'><strong>tunm</strong></span> <span class='ocrx_word' id='word_1_18' title='bbox 247 783 369 863; x_wconf 84' lang='lat' dir='ltr'><strong>insigne</strong></span> <span class='ocrx_word' id='word_1_19' title='bbox 391 781 577 842; x_wconf 88' lang='lat' dir='ltr'><strong>beneficium</strong></span> <span class='ocrx_word' id='word_1_20' title='bbox 598 781 842 845; x_wconf 73' lang='lat' dir='ltr'><strong>duobusnovae</strong></span> <span class='ocrx_word' id='word_1_21' title='bbox 869 783 1016 844; x_wconf 73' lang='lat' dir='ltr'><strong>editionis</strong></span> <span class='ocrx_word' id='word_1_22' title='bbox 1041 803 1153 847; x_wconf 75' lang='lat' dir='ltr'><strong>exem·</strong></span> 
     </span>
     <span class='ocr_line' id='line_1_5' title="bbox 136 884 1148 970; baseline 0 -22"><span class='ocrx_word' id='word_1_23' title='bbox 136 888 279 970; x_wconf 78' lang='lat' dir='ltr'><strong>pleribus</strong></span> <span class='ocrx_word' id='word_1_24' title='bbox 300 887 448 966; x_wconf 80' lang='lat' dir='ltr'><strong>pensabo.</strong></span> <span class='ocrx_word' id='word_1_25' title='bbox 498 884 581 948; x_wconf 81' lang='lat' dir='ltr'><strong>illud</strong></span> <span class='ocrx_word' id='word_1_26' title='bbox 603 906 725 966; x_wconf 86' lang='lat' dir='ltr'><strong>quoque</strong></span> <span class='ocrx_word' id='word_1_27' title='bbox 748 885 871 946; x_wconf 79' lang='lat' dir='ltr'><strong>atheio</strong></span> <span class='ocrx_word' id='word_1_28' title='bbox 893 895 925 948; x_wconf 81' lang='lat' dir='ltr'><strong>et</strong></span> <span class='ocrx_word' id='word_1_29' title='bbox 947 889 982 946; x_wconf 89' lang='lat' dir='ltr'><strong>in</strong></span> <span class='ocrx_word' id='word_1_30' title='bbox 1001 887 1077 954; x_wconf 80' lang='lat' dir='ltr'><strong>aliis,</strong></span> <span class='ocrx_word' id='word_1_31' title='bbox 1097 888 1148 967; x_wconf 88' lang='lat' dir='ltr'><strong>(si</strong></span> 
     </span>
     <span class='ocr_line' id='line_1_6' title="bbox 136 987 1148 1072; baseline 0 -22"><span class='ocrx_word' id='word_1_32' title='bbox 136 991 263 1072; x_wconf 85' lang='lat' dir='ltr'><strong>quando</strong></span> <span class='ocrx_word' id='word_1_33' title='bbox 286 989 363 1048; x_wconf 89' lang='lat' dir='ltr'><strong>olim</strong></span> <span class='ocrx_word' id='word_1_34' title='bbox 384 989 420 1047; x_wconf 90' lang='lat' dir='ltr'><strong>in</strong></span> <span class='ocrx_word' id='word_1_35' title='bbox 442 987 538 1048; x_wconf 86' lang='lat' dir='ltr'><strong>MStis</strong></span> <span class='ocrx_word' id='word_1_36' title='bbox 558 988 757 1055; x_wconf 82' lang='lat' dir='ltr'><strong>conferendis</strong></span> <span class='ocrx_word' id='word_1_37' title='bbox 777 1008 904 1069; x_wconf 87' lang='lat' dir='ltr'><strong>operam</strong></span> <span class='ocrx_word' id='word_1_38' title='bbox 931 997 1017 1051; x_wconf 85' lang='lat' dir='ltr'><strong>tuam</strong></span> <span class='ocrx_word' id='word_1_39' title='bbox 1045 991 1148 1072; x_wconf 86' lang='lat' dir='ltr'><strong>collo·</strong></span> 
     </span>
     <span class='ocr_line' id='line_1_7' title="bbox 99 1091 1146 1175; baseline 0.002 -23"><span class='ocrx_word' id='word_1_40' title='bbox 99 1165 102 1175; x_wconf 23' lang='grc'><em>(</em></span> <span class='ocrx_word' id='word_1_41' title='bbox 137 1092 246 1170; x_wconf 86' lang='lat' dir='ltr'><strong>cabis)</strong></span> <span class='ocrx_word' id='word_1_42' title='bbox 273 1101 305 1152; x_wconf 89' lang='lat' dir='ltr'><strong>te</strong></span> <span class='ocrx_word' id='word_1_43' title='bbox 332 1091 533 1150; x_wconf 81' lang='lat' dir='ltr'><strong>&#39;admonuisse</strong></span> <span class='ocrx_word' id='word_1_44' title='bbox 561 1111 627 1152; x_wconf 89' lang='lat' dir='ltr'><strong>non</strong></span> <span class='ocrx_word' id='word_1_45' title='bbox 655 1092 717 1152; x_wconf 89' lang='lat' dir='ltr'><strong>erit</strong></span> <span class='ocrx_word' id='word_1_46' title='bbox 745 1091 873 1172; x_wconf 75' lang='lat' dir='ltr'><strong>inutile5</strong></span> <span class='ocrx_word' id='word_1_47' title='bbox 901 1092 999 1152; x_wconf 87' lang='lat' dir='ltr'><strong>multa</strong></span> <span class='ocrx_word' id='word_1_48' title='bbox 1021 1093 1146 1162; x_wconf 69' lang='lat' dir='ltr'><strong>scii-in</strong></span> 
     </span>
     <span class='ocr_line' id='line_1_8' title="bbox 135 1185 1220 1275; baseline 0 -19"><span class='ocrx_word' id='word_1_49' title='bbox 135 1197 266 1257; x_wconf 85' lang='lat' dir='ltr'><strong>vetustis</strong></span> <span class='ocrx_word' id='word_1_50' title='bbox 305 1191 399 1254; x_wconf 86' lang='lat' dir='ltr'><strong>MStis</strong></span> <span class='ocrx_word' id='word_1_51' title='bbox 434 1195 490 1253; x_wconf 90' lang='lat' dir='ltr'><strong>sub</strong></span> <span class='ocrx_word' id='word_1_52' title='bbox 530 1202 671 1275; x_wconf 88' lang='lat' dir='ltr'><strong>tempore</strong></span> <span class='ocrx_word' id='word_1_53' title='bbox 705 1193 933 1254; x_wconf 77' lang='lat' dir='ltr'><strong>renascentium</strong></span> <span class='ocrx_word' id='word_1_54' title='bbox 967 1195 1144 1256; x_wconf 77' lang='lat' dir='ltr'><strong>litterarum</strong></span> <span class='ocrx_word' id='word_1_55' title='bbox 1216 1185 1220 1190; x_wconf 30' lang='lat'>⁵</span> 
     </span>
     <span class='ocr_line' id='line_1_9' title="bbox 134 1296 1145 1384; baseline -0.002 -26"><span class='ocrx_word' id='word_1_56' title='bbox 134 1302 200 1384; x_wconf 84' lang='lat' dir='ltr'><strong>jam</strong></span> <span class='ocrx_word' id='word_1_57' title='bbox 228 1299 266 1378; x_wconf 78' lang='lat' dir='ltr'><strong>ab</strong></span> <span class='ocrx_word' id='word_1_58' title='bbox 296 1297 386 1355; x_wconf 89' lang='lat' dir='ltr'><strong>annis</strong></span> <span class='ocrx_word' id='word_1_59' title='bbox 414 1296 540 1355; x_wconf 86' lang='lat' dir='ltr'><strong>circiter</strong></span> <span class='ocrx_word' id='word_1_60' title='bbox 557 1296 714 1356; x_wconf 84' lang='lat' dir='ltr'><strong>&#39;trecentis</strong></span> <span class='ocrx_word' id='word_1_61' title='bbox 742 1297 931 1378; x_wconf 88' lang='lat' dir='ltr'><strong>interpolata</strong></span> <span class='ocrx_word' id='word_1_62' title='bbox 958 1296 1068 1372; x_wconf 84' lang='lat' dir='ltr'><strong>fnisse,</strong></span> <span class='ocrx_word' id='word_1_63' title='bbox 1095 1305 1145 1369; x_wconf 63' lang='lat' dir='ltr'><strong>‚et</strong></span> 
     </span>
     <span class='ocr_line' id='line_1_10' title="bbox 134 1395 1144 1480; baseline -0.003 -19"><span class='ocrx_word' id='word_1_64' title='bbox 134 1421 234 1461; x_wconf 85' lang='lat' dir='ltr'><strong>novas</strong></span> <span class='ocrx_word' id='word_1_65' title='bbox 261 1399 410 1459; x_wconf 90' lang='lat' dir='ltr'><strong>lectiones</strong></span> <span class='ocrx_word' id='word_1_66' title='bbox 437 1399 557 1458; x_wconf 88' lang='lat' dir='ltr'><strong>intrudi</strong></span> <span class='ocrx_word' id='word_1_67' title='bbox 585 1399 709 1480; x_wconf 83' lang='lat' dir='ltr'><strong>solitas,</strong></span> <span class='ocrx_word' id='word_1_68' title='bbox 738 1399 894 1478; x_wconf 86' lang='lat' dir='ltr'><strong>prioribus</strong></span> <span class='ocrx_word' id='word_1_69' title='bbox 924 1400 1026 1459; x_wconf 86' lang='lat' dir='ltr'><strong>erasis.</strong></span> <span class='ocrx_word' id='word_1_70' title='bbox 1073 1395 1144 1474; x_wconf 88' lang='lat' dir='ltr'><strong>Eas,</strong></span> 
     </span>
     <span class='ocr_line' id='line_1_11' title="bbox 136 1501 1143 1586; baseline -0.004 -23"><span class='ocrx_word' id='word_1_71' title='bbox 136 1505 166 1564; x_wconf 90' lang='lat' dir='ltr'><strong>si</strong></span> <span class='ocrx_word' id='word_1_72' title='bbox 193 1523 270 1582; x_wconf 90' lang='lat' dir='ltr'><strong>quac</strong></span> <span class='ocrx_word' id='word_1_73' title='bbox 298 1503 334 1560; x_wconf 89' lang='lat' dir='ltr'><strong>in</strong></span> <span class='ocrx_word' id='word_1_74' title='bbox 362 1510 467 1560; x_wconf 82' lang='lat' dir='ltr'><strong>vestro</strong></span> <span class='ocrx_word' id='word_1_75' title='bbox 495 1501 603 1562; x_wconf 87' lang='lat' dir='ltr'><strong>codice</strong></span> <span class='ocrx_word' id='word_1_76' title='bbox 630 1502 762 1576; x_wconf 70' lang='lat' dir='ltr'><strong>fuerint,</strong></span> <span class='ocrx_word' id='word_1_77' title='bbox 798 1511 833 1560; x_wconf 90' lang='lat' dir='ltr'><strong>ut</strong></span> <span class='ocrx_word' id='word_1_78' title='bbox 856 1504 924 1562; x_wconf 88' lang='lat' dir='ltr'><strong>sine</strong></span> <span class='ocrx_word' id='word_1_79' title='bbox 946 1503 1042 1586; x_wconf 81' lang='lat' dir='ltr'><strong>dubio</strong></span> <span class='ocrx_word' id='word_1_80' title='bbox 1061 1511 1143 1578; x_wconf 88' lang='lat' dir='ltr'><strong>sunt,</strong></span> 
     </span>
     <span class='ocr_line' id='line_1_12' title="bbox 134 1587 1142 1684; baseline -0.001 -17"><span class='ocrx_word' id='word_1_81' title='bbox 134 1606 229 1668; x_wconf 88' lang='lat' dir='ltr'><strong>facile</strong></span> <span class='ocrx_word' id='word_1_82' title='bbox 254 1605 315 1664; x_wconf 88' lang='lat' dir='ltr'><strong>erit</strong></span> <span class='ocrx_word' id='word_1_83' title='bbox 338 1587 398 1663; x_wconf 87' lang='lat' dir='ltr'><strong>tibi</strong></span> <span class='ocrx_word' id='word_1_84' title='bbox 425 1605 615 1684; x_wconf 76' lang='lat' dir='ltr'><strong>dignoscere*</strong></span> <span class='ocrx_word' id='word_1_85' title='bbox 632 1606 685 1665; x_wconf 88' lang='lat' dir='ltr'><strong>vel</strong></span> <span class='ocrx_word' id='word_1_86' title='bbox 707 1626 724 1664; x_wconf 91' lang='lat' dir='ltr'><strong>a</strong></span> <span class='ocrx_word' id='word_1_87' title='bbox 747 1605 851 1663; x_wconf 88' lang='lat' dir='ltr'><strong>colore</strong></span> <span class='ocrx_word' id='word_1_88' title='bbox 875 1606 1055 1683; x_wconf 84' lang='lat' dir='ltr'><strong>atramenti,</strong></span> <span class='ocrx_word' id='word_1_89' title='bbox 1089 1605 1142 1666; x_wconf 85' lang='lat' dir='ltr'><strong>vel</strong></span> 
     </span>
     <span class='ocr_line' id='line_1_13' title="bbox 136 1701 1146 1787; baseline -0.001 -18"><span class='ocrx_word' id='word_1_90' title='bbox 136 1729 156 1769; x_wconf 89' lang='lat' dir='ltr'><strong>a</strong></span> <span class='ocrx_word' id='word_1_91' title='bbox 178 1708 275 1768; x_wconf 87' lang='lat' dir='ltr'><strong>ductu</strong></span> <span class='ocrx_word' id='word_1_92' title='bbox 293 1707 483 1781; x_wconf 87' lang='lat' dir='ltr'><strong>litterarum,</strong></span> <span class='ocrx_word' id='word_1_93' title='bbox 510 1709 567 1770; x_wconf 64' lang='lat' dir='ltr'><strong>rel</strong></span> <span class='ocrx_word' id='word_1_94' title='bbox 588 1729 606 1766; x_wconf 87' lang='lat' dir='ltr'><strong>a</strong></span> <span class='ocrx_word' id='word_1_95' title='bbox 628 1706 765 1786; x_wconf 85' lang='lat' dir='ltr'><strong>vestigiis</strong></span> <span class='ocrx_word' id='word_1_96' title='bbox 786 1726 929 1784; x_wconf 86' lang='lat' dir='ltr'><strong>rasurae,</strong></span> <span class='ocrx_word' id='word_1_97' title='bbox 956 1728 1035 1787; x_wconf 89' lang='lat' dir='ltr'><strong>quae</strong></span> <span class='ocrx_word' id='word_1_98' title='bbox 1056 1701 1146 1768; x_wconf 45' lang='lat' dir='ltr'><strong>nun-¹</strong></span> 
     </span>
     <span class='ocr_line' id='line_1_14' title="bbox 135 1793 1142 1894; baseline 0 -24"><span class='ocrx_word' id='word_1_99' title='bbox 135 1793 230 1894; x_wconf 81' lang='lat' dir='ltr'><strong>qnam</strong></span> <span class='ocrx_word' id='word_1_100' title='bbox 248 1811 414 1871; x_wconf 88' lang='lat' dir='ltr'><strong>evanescit.</strong></span> <span class='ocrx_word' id='word_1_101' title='bbox 456 1807 539 1869; x_wconf 87' lang='lat' dir='ltr'><strong>Illud</strong></span> <span class='ocrx_word' id='word_1_102' title='bbox 559 1810 656 1890; x_wconf 87' lang='lat' dir='ltr'><strong>igitur</strong></span> <span class='ocrx_word' id='word_1_103' title='bbox 678 1807 843 1888; x_wconf 86' lang='lat' dir='ltr'><strong>diligenter</strong></span> <span class='ocrx_word' id='word_1_104' title='bbox 864 1812 1003 1886; x_wconf 86' lang='lat' dir='ltr'><strong>curabis,</strong></span> <span class='ocrx_word' id='word_1_105' title='bbox 1025 1821 1061 1870; x_wconf 87' lang='lat' dir='ltr'><strong>ut</strong></span> <span class='ocrx_word' id='word_1_106' title='bbox 1074 1811 1142 1870; x_wconf 88' lang='lat' dir='ltr'><strong>sin-</strong></span> 
     </span>
     <span class='ocr_line' id='line_1_15' title="bbox 135 1911 1141 1996; baseline -0.002 -23"><span class='ocrx_word' id='word_1_107' title='bbox 135 1916 209 1995; x_wconf 89' lang='lat' dir='ltr'><strong>gula</strong></span> <span class='ocrx_word' id='word_1_108' title='bbox 234 1915 304 1973; x_wconf 89' lang='lat' dir='ltr'><strong>loca</strong></span> <span class='ocrx_word' id='word_1_109' title='bbox 330 1913 467 1990; x_wconf 87' lang='lat' dir='ltr'><strong>indices,</strong></span> <span class='ocrx_word' id='word_1_110' title='bbox 506 1933 584 1993; x_wconf 88' lang='lat' dir='ltr'><strong>quac</strong></span> <span class='ocrx_word' id='word_1_111' title='bbox 607 1933 624 1970; x_wconf 89' lang='lat' dir='ltr'><strong>a</strong></span> <span class='ocrx_word' id='word_1_112' title='bbox 644 1933 739 1971; x_wconf 89' lang='lat' dir='ltr'><strong>manu</strong></span> <span class='ocrx_word' id='word_1_113' title='bbox 759 1911 894 1972; x_wconf 86' lang='lat' dir='ltr'><strong>secunda</strong></span> <span class='ocrx_word' id='word_1_114' title='bbox 916 1922 947 1972; x_wconf 91' lang='lat' dir='ltr'><strong>et</strong></span> <span class='ocrx_word' id='word_1_115' title='bbox 967 1913 1141 1996; x_wconf 84' lang='lat' dir='ltr'><strong>interpola-</strong></span> 
     </span>
     <span class='ocr_line' id='line_1_16' title="bbox 134 2013 1220 2096; baseline -0.001 -20"><span class='ocrx_word' id='word_1_116' title='bbox 134 2017 214 2076; x_wconf 87' lang='lat' dir='ltr'><strong>trice</strong></span> <span class='ocrx_word' id='word_1_117' title='bbox 234 2017 298 2075; x_wconf 83' lang='lat' dir='ltr'><strong>sint</strong></span> <span class='ocrx_word' id='word_1_118' title='bbox 317 2025 450 2091; x_wconf 88' lang='lat' dir='ltr'><strong>mutata;</strong></span> <span class='ocrx_word' id='word_1_119' title='bbox 474 2025 513 2091; x_wconf 87' lang='lat' dir='ltr'><strong>et,</strong></span> <span class='ocrx_word' id='word_1_120' title='bbox 536 2015 563 2088; x_wconf 82' lang='lat' dir='ltr'><strong>si</strong></span> <span class='ocrx_word' id='word_1_121' title='bbox 584 2013 652 2073; x_wconf 90' lang='lat' dir='ltr'><strong>fieri</strong></span> <span class='ocrx_word' id='word_1_122' title='bbox 673 2017 797 2096; x_wconf 86' lang='lat' dir='ltr'><strong>poterit,</strong></span> <span class='ocrx_word' id='word_1_123' title='bbox 819 2015 1043 2094; x_wconf 86' lang='lat' dir='ltr'><strong>deprehendas,</strong></span> <span class='ocrx_word' id='word_1_124' title='bbox 1065 2015 1141 2092; x_wconf 85' lang='lat' dir='ltr'><strong>quid</strong></span> <span class='ocrx_word' id='word_1_125' title='bbox 1217 2023 1220 2030; x_wconf 90' lang='lat'>&#39;</span> 
     </span>
     <span class='ocr_line' id='line_1_17' title="bbox 135 2099 1141 2197; baseline -0.003 -18"><span class='ocrx_word' id='word_1_126' title='bbox 135 2120 213 2180; x_wconf 84' lang='lat' dir='ltr'><strong>olins</strong></span> <span class='ocrx_word' id='word_1_127' title='bbox 241 2140 260 2177; x_wconf 90' lang='lat' dir='ltr'><strong>a</strong></span> <span class='ocrx_word' id='word_1_128' title='bbox 288 2118 390 2197; x_wconf 85' lang='lat' dir='ltr'><strong>prima</strong></span> <span class='ocrx_word' id='word_1_129' title='bbox 417 2139 512 2176; x_wconf 88' lang='lat' dir='ltr'><strong>manu</strong></span> <span class='ocrx_word' id='word_1_130' title='bbox 539 2118 687 2197; x_wconf 84' lang='lat' dir='ltr'><strong>scriptum</strong></span> <span class='ocrx_word' id='word_1_131' title='bbox 716 2119 828 2193; x_wconf 82' lang='lat' dir='ltr'><strong>fuerit,</strong></span> <span class='ocrx_word' id='word_1_132' title='bbox 862 2119 918 2177; x_wconf 82' lang='lat' dir='ltr'><strong>sub</strong></span> <span class='ocrx_word' id='word_1_133' title='bbox 946 2099 1054 2177; x_wconf 77' lang='lat' dir='ltr'><strong>rasura</strong></span> <span class='ocrx_word' id='word_1_134' title='bbox 1082 2117 1141 2177; x_wconf 87' lang='lat' dir='ltr'><strong>illa</strong></span> 
     </span>
     <span class='ocr_line' id='line_1_18' title="bbox 134 2207 1140 2298; baseline 0 -18"><span class='ocrx_word' id='word_1_135' title='bbox 134 2238 223 2290; x_wconf 83' lang='lat' dir='ltr'><strong>nunc</strong></span> <span class='ocrx_word' id='word_1_136' title='bbox 249 2221 382 2279; x_wconf 83' lang='lat' dir='ltr'><strong>latitans.</strong></span> <span class='ocrx_word' id='word_1_137' title='bbox 442 2207 555 2295; x_wconf 84' lang='lat' dir='ltr'><strong>Porro,</strong></span> <span class='ocrx_word' id='word_1_138' title='bbox 599 2241 640 2280; x_wconf 89' lang='lat' dir='ltr'><strong>no</strong></span> <span class='ocrx_word' id='word_1_139' title='bbox 666 2221 787 2298; x_wconf 79' lang='lat' dir='ltr'><strong>integra</strong></span> <span class='ocrx_word' id='word_1_140' title='bbox 815 2221 910 2280; x_wconf 84' lang='lat' dir='ltr'><strong>verba</strong></span> <span class='ocrx_word' id='word_1_141' title='bbox 936 2219 1140 2280; x_wconf 88' lang='lat' dir='ltr'><strong>describendo</strong></span> 
     </span>
     <span class='ocr_line' id='line_1_19' title="bbox 134 2323 1146 2402; baseline -0.002 -17"><span class='ocrx_word' id='word_1_142' title='bbox 134 2333 237 2386; x_wconf 90' lang='lat' dir='ltr'><strong>totum</strong></span> <span class='ocrx_word' id='word_1_143' title='bbox 267 2325 435 2400; x_wconf 82' lang='lat' dir='ltr'><strong>marginem</strong></span> <span class='ocrx_word' id='word_1_144' title='bbox 464 2323 610 2381; x_wconf 86' lang='lat' dir='ltr'><strong>editionis</strong></span> <span class='ocrx_word' id='word_1_145' title='bbox 641 2332 712 2381; x_wconf 86' lang='lat' dir='ltr'><strong>tuae</strong></span> <span class='ocrx_word' id='word_1_146' title='bbox 741 2323 883 2402; x_wconf 84' lang='lat' dir='ltr'><strong>oppleas‚</strong></span> <span class='ocrx_word' id='word_1_147' title='bbox 920 2325 1013 2382; x_wconf 87' lang='lat' dir='ltr'><strong>satius</strong></span> <span class='ocrx_word' id='word_1_148' title='bbox 1037 2323 1146 2398; x_wconf 78' lang='lat' dir='ltr'><strong>fucrit,</strong></span> 
     </span>
     <span class='ocr_line' id='line_1_20' title="bbox 81 2425 1140 2504; baseline -0.002 -16"><span class='ocrx_word' id='word_1_149' title='bbox 81 2439 97 2456; x_wconf 78' lang='grc'><strong>“</strong></span> <span class='ocrx_word' id='word_1_150' title='bbox 133 2428 257 2488; x_wconf 88' lang='lat' dir='ltr'><strong>litteras</strong></span> <span class='ocrx_word' id='word_1_151' title='bbox 278 2433 398 2483; x_wconf 86' lang='lat' dir='ltr'><strong>tantum</strong></span> <span class='ocrx_word' id='word_1_152' title='bbox 419 2425 537 2483; x_wconf 86' lang='lat' dir='ltr'><strong>lineola</strong></span> <span class='ocrx_word' id='word_1_153' title='bbox 559 2425 707 2486; x_wconf 86' lang='lat' dir='ltr'><strong>subducta</strong></span> <span class='ocrx_word' id='word_1_154' title='bbox 728 2434 852 2499; x_wconf 88' lang='lat' dir='ltr'><strong>notare,</strong></span> <span class='ocrx_word' id='word_1_155' title='bbox 888 2434 919 2483; x_wconf 90' lang='lat' dir='ltr'><strong>et</strong></span> <span class='ocrx_word' id='word_1_156' title='bbox 940 2426 975 2483; x_wconf 90' lang='lat' dir='ltr'><strong>in</strong></span> <span class='ocrx_word' id='word_1_157' title='bbox 999 2429 1140 2504; x_wconf 77' lang='lat' dir='ltr'><strong>margine</strong></span> 
     </span>
     <span class='ocr_line' id='line_1_21' title="bbox 134 2523 1141 2608; baseline -0.005 -17"><span class='ocrx_word' id='word_1_158' title='bbox 134 2530 295 2591; x_wconf 82' lang='lat' dir='ltr'><strong>variantes</strong></span> <span class='ocrx_word' id='word_1_159' title='bbox 322 2547 477 2606; x_wconf 85' lang='lat' dir='ltr'><strong>reponere</strong></span> <span class='ocrx_word' id='word_1_160' title='bbox 511 2527 596 2586; x_wconf 88' lang='lat' dir='ltr'><strong>hunc</strong></span> <span class='ocrx_word' id='word_1_161' title='bbox 629 2529 664 2584; x_wconf 91' lang='lat' dir='ltr'><strong>in</strong></span> <span class='ocrx_word' id='word_1_162' title='bbox 699 2526 834 2584; x_wconf 89' lang='lat' dir='ltr'><strong>modum.</strong></span> <span class='ocrx_word' id='word_1_163' title='bbox 883 2523 954 2607; x_wconf 87' lang='lat' dir='ltr'><strong>Pag.</strong></span> <span class='ocrx_word' id='word_1_164' title='bbox 983 2537 1141 2608; x_wconf 85' lang='lat' dir='ltr'><strong>postrema</strong></span> 
     </span>
     <span class='ocr_line' id='line_1_22' title="bbox 134 2627 786 2708; baseline -0.009 -15"><span class='ocrx_word' id='word_1_165' title='bbox 134 2644 210 2693; x_wconf 89' lang='lat' dir='ltr'><strong>tuae</strong></span> <span class='ocrx_word' id='word_1_166' title='bbox 232 2631 395 2708; x_wconf 86' lang='lat' dir='ltr'><strong>editionis,</strong></span> <span class='ocrx_word' id='word_1_167' title='bbox 433 2650 526 2690; x_wconf 85' lang='lat' dir='ltr'><strong>versu</strong></span> <span class='ocrx_word' id='word_1_168' title='bbox 546 2629 722 2703; x_wconf 87' lang='lat' dir='ltr'><strong>undecimo,</strong></span> <span class='ocrx_word' id='word_1_169' title='bbox 781 2627 786 2632; x_wconf 80' lang='grc'><strong>’</strong></span> 
     </span>
    </p>
   </div>
   <div class='ocr_carea' id='block_1_3' title="bbox 180 2746 1208 2922">
    <p class='ocr_par' dir='ltr' id='par_1_3' title="bbox 180 2746 1208 2922">
     <span class='ocr_line' id='line_1_23' title="bbox 180 2746 1208 2826; baseline -0.002 -16"><span class='ocrx_word' id='word_1_170' title='bbox 180 2771 235 2810; x_wconf 87' lang='lat' dir='ltr'><strong>sua</strong></span> <span class='ocrx_word' id='word_1_171' title='bbox 270 2749 389 2808; x_wconf 87' lang='lat' dir='ltr'><strong>lumina</strong></span> <span class='ocrx_word' id='word_1_172' title='bbox 660 2747 796 2826; x_wconf 76' lang='lat' dir='ltr'><strong>Cumque</strong></span> <span class='ocrx_word' id='word_1_173' title='bbox 828 2765 912 2826; x_wconf 76' lang='lat' dir='ltr'><strong>vaga</strong></span> <span class='ocrx_word' id='word_1_174' title='bbox 942 2755 987 2804; x_wconf 81' lang='lat' dir='ltr'><strong>est</strong></span> <span class='ocrx_word' id='word_1_175' title='bbox 1017 2746 1076 2805; x_wconf 76' lang='lat' dir='ltr'><strong>itta</strong></span> <span class='ocrx_word' id='word_1_176' title='bbox 1108 2755 1140 2808; x_wconf 86' lang='lat' dir='ltr'><strong>et</strong></span> <span class='ocrx_word' id='word_1_177' title='bbox 1202 2777 1208 2788; x_wconf 73' lang='lat'>=</span> 
     </span>
     <span class='ocr_line' id='line_1_24' title="bbox 223 2775 1141 2922; baseline -0.005 -9"><span class='ocrx_word' id='word_1_178' title='bbox 223 2873 241 2913; x_wconf 83' lang='lat' dir='ltr'><strong>e</strong></span> <span class='ocrx_word' id='word_1_179' title='bbox 266 2775 442 2922; x_wconf 70' lang='lat' dir='ltr'><strong>sublimia}</strong></span> <span class='ocrx_word' id='word_1_180' title='bbox 456 2809 514 2862; x_wconf 64' lang='lat' dir='ltr'><strong>unt</strong></span> <span class='ocrx_word' id='word_1_181' title='bbox 706 2852 799 2908; x_wconf 76' lang='lat' dir='ltr'><strong>torric</strong></span> <span class='ocrx_word' id='word_1_182' title='bbox 820 2870 874 2912; x_wconf 89' lang='lat' dir='ltr'><strong>sua</strong></span> <span class='ocrx_word' id='word_1_183' title='bbox 892 2849 1011 2909; x_wconf 87' lang='lat' dir='ltr'><strong>lumina</strong></span> <span class='ocrx_word' id='word_1_184' title='bbox 1034 2846 1141 2908; x_wconf 77' lang='lat' dir='ltr'><strong>condit</strong></span> 
     </span>
    </p>
   </div>
   <div class='ocr_carea' id='block_1_4' title="bbox 136 2971 1202 3460">
    <p class='ocr_par' dir='ltr' id='par_1_4' title="bbox 136 2971 1202 3460">
     <span class='ocr_line' id='line_1_25' title="bbox 468 2971 791 3035; baseline 0.003 -1"><span class='ocrx_word' id='word_1_185' title='bbox 468 2971 509 3034; x_wconf 88' lang='lat' dir='ltr'><strong>Et</strong></span> <span class='ocrx_word' id='word_1_186' title='bbox 529 2993 625 3034; x_wconf 85' lang='lat' dir='ltr'><strong>versu</strong></span> <span class='ocrx_word' id='word_1_187' title='bbox 643 2973 719 3033; x_wconf 88' lang='lat' dir='ltr'><strong>ibid.</strong></span> <span class='ocrx_word' id='word_1_188' title='bbox 746 2975 791 3035; x_wconf 82' lang='lat'><strong>15.</strong></span> 
     </span>
     <span class='ocr_line' id='line_1_26' title="bbox 266 3075 1142 3158; baseline -0.005 -20"><span class='ocrx_word' id='word_1_189' title='bbox 266 3099 299 3138; x_wconf 88' lang='lat' dir='ltr'><strong>m</strong></span> <span class='ocrx_word' id='word_1_190' title='bbox 689 3079 780 3138; x_wconf 77' lang='lat' dir='ltr'><strong>Tunc</strong></span> <span class='ocrx_word' id='word_1_191' title='bbox 802 3075 946 3158; x_wconf 70' lang='lat' dir='ltr'><strong>confiteo</strong></span> <span class='ocrx_word' id='word_1_192' title='bbox 967 3075 1039 3136; x_wconf 82' lang='lat' dir='ltr'><strong>licet</strong></span> <span class='ocrx_word' id='word_1_193' title='bbox 1063 3075 1142 3135; x_wconf 79' lang='lat' dir='ltr'><strong>cosli</strong></span> 
     </span>
     <span class='ocr_line' id='line_1_27' title="bbox 353 3162 1202 3264; baseline -0.002 -24"><span class='ocrx_word' id='word_1_194' title='bbox 353 3165 356 3174; x_wconf 35' lang='lat'>⁸</span> <span class='ocrx_word' id='word_1_195' title='bbox 757 3171 758 3174; x_wconf 23' lang='lat'>¹</span> <span class='ocrx_word' id='word_1_196' title='bbox 798 3179 963 3264; x_wconf 75' lang='lat' dir='ltr'><strong>fulgentia</strong></span> <span class='ocrx_word' id='word_1_197' title='bbox 984 3162 1100 3260; x_wconf 73' lang='lat' dir='ltr'><strong>templa</strong></span> <span class='ocrx_word' id='word_1_198' title='bbox 1200 3173 1202 3180; x_wconf 59' lang='grc'>’</span> 
     </span>
     <span class='ocr_line' id='line_1_28' title="bbox 136 3283 1141 3380; baseline -0.002 -20"><span class='ocrx_word' id='word_1_199' title='bbox 136 3301 174 3360; x_wconf 90' lang='lat' dir='ltr'><strong>lu</strong></span> <span class='ocrx_word' id='word_1_200' title='bbox 189 3330 205 3342; x_wconf 95' lang='lat'><em>·</em></span> <span class='ocrx_word' id='word_1_201' title='bbox 222 3297 307 3358; x_wconf 86' lang='lat' dir='ltr'><strong>deest</strong></span> <span class='ocrx_word' id='word_1_202' title='bbox 322 3332 339 3344; x_wconf 88' lang='lat'><em>-</em></span> <span class='ocrx_word' id='word_1_203' title='bbox 355 3318 409 3358; x_wconf 88' lang='lat' dir='ltr'><strong>um</strong></span> <span class='ocrx_word' id='word_1_204' title='bbox 472 3283 601 3360; x_wconf 71' lang='lat' dir='ltr'><strong>ceram</strong></span> <span class='ocrx_word' id='word_1_205' title='bbox 646 3296 815 3357; x_wconf 80' lang='lat' dir='ltr'><strong>seminibus</strong></span> <span class='ocrx_word' id='word_1_206' title='bbox 862 3298 965 3358; x_wconf 87' lang='lat' dir='ltr'><strong>densis</strong></span> <span class='ocrx_word' id='word_1_207' title='bbox 1010 3297 1141 3380; x_wconf 78' lang='lat' dir='ltr'><strong>totisque</strong></span> 
     </span>
     <span class='ocr_line' id='line_1_29' title="bbox 808 3419 924 3460; baseline -0.017 0"><span class='ocrx_word' id='word_1_208' title='bbox 808 3419 924 3460; x_wconf 77' lang='lat' dir='ltr'><strong>micare</strong></span> 
     </span>
    </p>
   </div>
   <div class='ocr_carea' id='block_1_5' title="bbox 137 3517 1141 3697">
    <p class='ocr_par' dir='ltr' id='par_1_5' title="bbox 137 3517 1141 3697">
     <span class='ocr_line' id='line_1_30' title="bbox 137 3517 1141 3598; baseline -0.004 -18"><span class='ocrx_word' id='word_1_209' title='bbox 137 3517 196 3580; x_wconf 83' lang='lat' dir='ltr'><strong>Ma.</strong></span> <span class='ocrx_word' id='word_1_210' title='bbox 215 3535 241 3576; x_wconf 89' lang='lat'><strong>1.</strong></span> <span class='ocrx_word' id='word_1_211' title='bbox 257 3535 286 3578; x_wconf 80' lang='lat'><strong>2.</strong></span> <span class='ocrx_word' id='word_1_212' title='bbox 303 3530 379 3580; x_wconf 86' lang='lat' dir='ltr'><strong>vant</strong></span> <span class='ocrx_word' id='word_1_213' title='bbox 421 3537 451 3580; x_wconf 83' lang='lat'><strong>2.</strong></span> <span class='ocrx_word' id='word_1_214' title='bbox 470 3518 614 3578; x_wconf 81' lang='lat' dir='ltr'><strong>Floribus</strong></span> <span class='ocrx_word' id='word_1_215' title='bbox 641 3530 694 3580; x_wconf 90' lang='lat' dir='ltr'><strong>aut</strong></span> <span class='ocrx_word' id='word_1_216' title='bbox 719 3520 820 3581; x_wconf 78' lang='lat' dir='ltr'><strong>siccas</strong></span> <span class='ocrx_word' id='word_1_217' title='bbox 846 3539 977 3578; x_wconf 77' lang='lat' dir='ltr'><strong>curcum</strong></span> <span class='ocrx_word' id='word_1_218' title='bbox 999 3538 1057 3598; x_wconf 82' lang='lat' dir='ltr'><strong>per</strong></span> <span class='ocrx_word' id='word_1_219' title='bbox 1085 3517 1141 3576; x_wconf 76' lang='lat' dir='ltr'><strong>ltc-</strong></span> 
     </span>
     <span class='ocr_line' id='line_1_31' title="bbox 806 3631 1004 3697; baseline 0 -19"><span class='ocrx_word' id='word_1_220' title='bbox 806 3631 856 3680; x_wconf 80' lang='lat' dir='ltr'><strong>tus</strong></span> <span class='ocrx_word' id='word_1_221' title='bbox 876 3641 1004 3697; x_wconf 65' lang='lat' dir='ltr'><strong>menae,</strong></span> 
     </span>
    </p>
   </div>
   <div class='ocr_carea' id='block_1_6' title="bbox 140 3729 1146 3924">
    <p class='ocr_par' dir='ltr' id='par_1_6' title="bbox 140 3729 1146 3924">
     <span class='ocr_line' id='line_1_32' title="bbox 140 3729 1146 3824; baseline -0.004 -24"><span class='ocrx_word' id='word_1_222' title='bbox 140 3738 228 3800; x_wconf 83' lang='lat' dir='ltr'><strong>deest</strong></span> <span class='ocrx_word' id='word_1_223' title='bbox 264 3737 339 3798; x_wconf 87' lang='lat' dir='ltr'><strong>dum</strong></span> <span class='ocrx_word' id='word_1_224' title='bbox 421 3755 445 3797; x_wconf 92' lang='lat'><strong>1.</strong></span> <span class='ocrx_word' id='word_1_225' title='bbox 467 3737 534 3798; x_wconf 91' lang='lat' dir='ltr'><strong>Nec</strong></span> <span class='ocrx_word' id='word_1_226' title='bbox 553 3739 690 3818; x_wconf 78' lang='lat' dir='ltr'><strong>spatium</strong></span> <span class='ocrx_word' id='word_1_227' title='bbox 710 3738 826 3812; x_wconf 80' lang='lat' dir='ltr'><strong>stellis,</strong></span> <span class='ocrx_word' id='word_1_228' title='bbox 862 3740 979 3800; x_wconf 83' lang='lat' dir='ltr'><strong>mundo</strong></span> <span class='ocrx_word' id='word_1_229' title='bbox 1008 3759 1066 3798; x_wconf 82' lang='lat' dir='ltr'><strong>nec</strong></span> <span class='ocrx_word' id='word_1_230' title='bbox 1094 3729 1146 3824; x_wconf 46' lang='lat' dir='ltr'><strong>os,-</strong></span> 
     </span>
     <span class='ocr_line' id='line_1_33' title="bbox 269 3839 1111 3924; baseline 0 -23"><span class='ocrx_word' id='word_1_231' title='bbox 269 3862 321 3902; x_wconf 86' lang='lat' dir='ltr'><strong>ma</strong></span> <span class='ocrx_word' id='word_1_232' title='bbox 811 3839 883 3900; x_wconf 79' lang='lat' dir='ltr'><strong>ders</strong></span> <span class='ocrx_word' id='word_1_233' title='bbox 896 3843 1063 3924; x_wconf 76' lang='lat' dir='ltr'><strong>summam.</strong></span> <span class='ocrx_word' id='word_1_234' title='bbox 1107 3893 1111 3901; x_wconf 93' lang='lat'><strong>.</strong></span> 
     </span>
    </p>
   </div>
   <div class='ocr_carea' id='block_1_7' title="bbox 143 3955 1149 4289">
    <p class='ocr_par' dir='ltr' id='par_1_7' title="bbox 143 3955 1149 4247">
     <span class='ocr_line' id='line_1_34' title="bbox 228 3955 1149 4028; baseline 0.003 -11"><span class='ocrx_word' id='word_1_235' title='bbox 228 3957 292 4017; x_wconf 89' lang='lat' dir='ltr'><strong>Has</strong></span> <span class='ocrx_word' id='word_1_236' title='bbox 320 3955 403 4018; x_wconf 88' lang='lat' dir='ltr'><strong>enim</strong></span> <span class='ocrx_word' id='word_1_237' title='bbox 431 3956 617 4018; x_wconf 86' lang='lat' dir='ltr'><strong>crediderim</strong></span> <span class='ocrx_word' id='word_1_238' title='bbox 637 3959 825 4020; x_wconf 85' lang='lat' dir='ltr'><strong>variationes</strong></span> <span class='ocrx_word' id='word_1_239' title='bbox 848 3961 988 4020; x_wconf 80' lang='lat' dir='ltr'><strong>codicem</strong></span> <span class='ocrx_word' id='word_1_240' title='bbox 1009 3968 1149 4028; x_wconf 71' lang='lat' dir='ltr'><strong>vestram</strong></span> 
     </span>
     <span class='ocr_line' id='line_1_35' title="bbox 143 4060 1149 4143; baseline -0.001 -21"><span class='ocrx_word' id='word_1_241' title='bbox 143 4061 308 4135; x_wconf 83' lang='lat' dir='ltr'><strong>exhibere,</strong></span> <span class='ocrx_word' id='word_1_242' title='bbox 344 4069 380 4119; x_wconf 87' lang='lat' dir='ltr'><strong>ut</strong></span> <span class='ocrx_word' id='word_1_243' title='bbox 408 4079 448 4118; x_wconf 84' lang='lat' dir='ltr'><strong>ex</strong></span> <span class='ocrx_word' id='word_1_244' title='bbox 476 4060 546 4119; x_wconf 89' lang='lat' dir='ltr'><strong>aliis</strong></span> <span class='ocrx_word' id='word_1_245' title='bbox 575 4061 734 4122; x_wconf 86' lang='lat' dir='ltr'><strong>codicibus</strong></span> <span class='ocrx_word' id='word_1_246' title='bbox 761 4063 836 4124; x_wconf 86' lang='lat' dir='ltr'><strong>licet</strong></span> <span class='ocrx_word' id='word_1_247' title='bbox 864 4064 1029 4143; x_wconf 81' lang='lat' dir='ltr'><strong>conjicere.</strong></span> <span class='ocrx_word' id='word_1_248' title='bbox 1073 4062 1149 4134; x_wconf 83' lang='lat' dir='ltr'><strong>Quis</strong></span> 
     </span>
     <span class='ocr_line' id='line_1_36' title="bbox 145 4163 1148 4247; baseline 0.003 -23"><span class='ocrx_word' id='word_1_249' title='bbox 145 4183 221 4224; x_wconf 84' lang='lat' dir='ltr'><strong>vero</strong></span> <span class='ocrx_word' id='word_1_250' title='bbox 251 4182 314 4222; x_wconf 92' lang='lat' dir='ltr'><strong>non</strong></span> <span class='ocrx_word' id='word_1_251' title='bbox 346 4172 490 4245; x_wconf 85' lang='lat' dir='ltr'><strong>portenta</strong></span> <span class='ocrx_word' id='word_1_252' title='bbox 518 4163 595 4223; x_wconf 87' lang='lat' dir='ltr'><strong>haec</strong></span> <span class='ocrx_word' id='word_1_253' title='bbox 624 4163 762 4225; x_wconf 71' lang='lat' dir='ltr'><strong>dixerit?</strong></span> <span class='ocrx_word' id='word_1_254' title='bbox 807 4166 945 4246; x_wconf 85' lang='lat' dir='ltr'><strong>Scaliger</strong></span> <span class='ocrx_word' id='word_1_255' title='bbox 966 4176 1064 4243; x_wconf 84' lang='lat' dir='ltr'><strong>carte,</strong></span> <span class='ocrx_word' id='word_1_256' title='bbox 1096 4168 1148 4247; x_wconf 83' lang='lat' dir='ltr'><strong>qui</strong></span> 
     </span>
    </p>

    <p class='ocr_par' dir='ltr' id='par_1_8' title="bbox 736 4267 899 4289">
     <span class='ocr_line' id='line_1_37' title="bbox 736 4267 899 4289; baseline 0.006 -13"><span class='ocrx_word' id='word_1_257' title='bbox 736 4267 739 4289; x_wconf 87' lang='lat'><strong>,</strong></span> <span class='ocrx_word' id='word_1_258' title='bbox 896 4269 899 4277; x_wconf 93' lang='grc'><em>,</em></span> 
     </span>
    </p>
   </div>
   <div class='ocr_carea' id='block_1_8' title="bbox 0 0 1464 5008">
    <p class='ocr_par' dir='ltr' id='par_1_9' title="bbox 0 0 1464 5008">
     <span class='ocr_line' id='line_1_38' title="bbox 0 0 1464 5008; baseline 0 3"><span class='ocrx_word' id='word_1_259' title='bbox 0 0 1464 5008; x_wconf 95' lang='lat' dir='ltr'><strong> </strong></span> 
     </span>
    </p>
   </div>
  </div>
 </body>
</html>
