2918 5008
341 451 482 522 78=

336 631 514 707 bentleius,
534 640 637 692 tamen
659 647 768 712 saepe,
796 629 975 692 fervidioris
997 639 1124 689 naturae
1147 629 1268 709 impetn
1289 629 1349 688 ab·
1453 611 1456 620 Α

336 743 459 816 neptus,
496 734 570 794 dum
592 735 750 814 explicare
775 755 845 793 eum
866 734 919 793 vel
941 734 1130 814 negligebat,
1160 734 1215 792 vel
1238 735 1277 792 ob
1300 737 1376 792 rei·
1456 755 1457 764 ¹

330 838 549 898 difficultatem
570 837 759 916 defugiebat,
781 837 814 895 in
834 837 872 895 iis
891 836 1097 908 retinebatur,
1118 855 1198 915 quae
1220 833 1261 893 ad
1279 836 1354 914 pri-

336 961 424 1016 munr
446 941 627 1020 adspectum
655 960 719 1000 non
749 939 822 998 satis
851 939 1013 998 commode
1040 938 1122 997 dicta
1148 938 1353 1013 ridebantur,

339 1063 437 1123 eaque
465 1055 529 1102 tom
559 1042 671 1122 cupide
700 1042 900 1117 emendabat,
940 1052 974 1100 ut
995 1042 1057 1100 suis
1077 1041 1146 1120 ipse
1166 1041 1354 1120 disputandi

340 1145 482 1206 artificiis
510 1155 635 1224 captus,
670 1163 733 1202 nou
759 1145 883 1204 videret
910 1145 982 1219 illa,
1020 1164 1060 1202 ex
1086 1144 1198 1222 quibus
1228 1144 1353 1203 nullam

341 1269 408 1311 esse
437 1246 628 1308 emendandi
653 1247 866 1306 necessitatem
894 1247 1070 1324 intelligere
1099 1245 1261 1325 potuisset
1302 1246 1353 1304 Ita

338 1353 534 1423 factumest,
556 1359 590 1406 ut
610 1349 664 1408 hic
685 1351 748 1406 tain
771 1351 903 1410 eximius
924 1350 975 1408 vir
996 1348 1126 1407 minime
1150 1348 1290 1406 eamdem
1313 1347 1352 1404 iu

337 1463 500 1536 poetarum
529 1449 766 1538 emendatione,
796 1471 887 1531 quam
909 1452 944 1510 in
967 1450 1161 1531 explicandis
1184 1452 1279 1510 rebus
1300 1449 1354 1507 bi-

340 1555 463 1615 storicis
492 1553 617 1612 laudem
652 1554 810 1614 meruerit.
853 1551 1071 1612 Verumtamen
1100 1562 1135 1610 ut
1161 1553 1218 1611 ille
1248 1553 1354 1632 pluri-
1456 1607 1457 1616 ,

341 1675 410 1718 mos
432 1667 595 1738 poetarum
619 1657 720 1732 locos,
757 1656 783 1713 si
802 1675 911 1714 verum
932 1655 1024 1714 fateri
1048 1655 1209 1730 volumus,
1242 1677 1354 1714 corru-
1455 1707 1457 1744 ,

340 1761 425 1842 perit
446 1758 559 1840 magis,
600 1779 691 1838 quam
713 1758 939 1833 emendaverit,
974 1769 1079 1818 tamen
1102 1757 1204 1834 ratio,
1236 1779 1296 1838 que
1317 1760 1353 1816 iu

341 1862 390 1923 his
411 1861 672 1944 disputationibus
693 1881 766 1918 usus
787 1869 848 1936 est,
870 1869 933 1918 tam
955 1870 1001 1922 est
1022 1860 1138 1940 egregia
1145 1871 1211 1935 ,ut
1231 1859 1354 1920 nihilo·
1456 1851 1457 1910 l

341 1967 447 2028 minus
469 1964 649 2045 exemplum
673 1963 780 2023 haberi
804 1963 927 2041 debeat,
967 1963 1050 2042 quod
1079 1963 1263 2038 imitentur,
1297 1963 1352 2041 qui

281 2049 290 2070 ⁶
343 2068 524 2148 diligenter,
546 2075 703 2142 accurate,
725 2073 756 2124 et
775 2068 936 2146 perspicue
958 2067 997 2125 de
1015 2066 1063 2124 his
1083 2067 1174 2124 rebus
1197 2065 1354 2144 discepta-

342 2189 378 2230 re
398 2171 519 2230 volunt.
575 2168 636 2239 Qui
658 2177 694 2226 ut
716 2175 749 2226 et
767 2166 827 2225 hcc
850 2169 985 2244 discant,
1022 2179 1053 2227 et
1073 2169 1166 2227 simul
1187 2168 1354 2226 temerita-
1456 2207 1457 2212 κ

342 2278 424 2346 tem,
461 2290 552 2348 quam
572 2269 607 2326 in
628 2267 769 2328 Bentleio
791 2270 882 2328 uiulti
902 2281 1065 2346 notarunt,
1105 2271 1265 2330 declinare
1295 2271 1354 2328 ad-

346 2381 502 2448 suescant,
540 2391 608 2430 mea
630 2371 784 2430 sententia
805 2372 885 2432 illud
905 2374 1097 2453 potissimum
1121 2394 1249 2454 operam
1275 2373 1354 2432 dare

346 2475 475 2550 debent,
497 2484 532 2533 ut
551 2473 605 2532 has
625 2473 758 2533 Bentleii
782 2473 1020 2555 disputationes,
1053 2477 1163 2556 quibus
1186 2477 1243 2535 itte
1264 2476 1355 2536 locos

346 2599 436 2636 sanos
457 2578 601 2652 vexavit,
640 2587 693 2635 aut
715 2577 838 2637 affectos
861 2599 926 2638 non
945 2589 1029 2639 recte
1046 2579 1198 2654 restituit,
1231 2579 1353 2654 eadem,

346 2700 407 2759 qua
427 2681 494 2761 ipse
518 2681 565 2738 uti
586 2678 720 2756 solebat,
750 2680 912 2761 diligentia
934 2703 969 2741 ac
990 2682 1173 2741 strenuitate
1194 2682 1355 2755 refellant,

343 2771 484 2867 quaeque
504 2781 645 2860 neglecta
666 2790 738 2839 sunt
760 2785 796 2840 ob
820 2805 873 2859 ec,
908 2805 944 2843 ea
964 2785 999 2842 in
1022 2786 1092 2842 luce
1111 2784 1282 2860 collocent,
1318 2793 1356 2842 ut

306 2888 323 2950 7
346 2905 464 2944 errasse
486 2905 557 2942 eum
579 2884 642 2963 jam
665 2884 799 2944 dubitari
820 2886 952 2964 amplius
977 2896 1116 2964 nequeat.
1168 2886 1248 2945 Nam
1270 2886 1356 2945 illud

246 3061 249 3072 Δ
346 2988 472 3069 quidem
500 2987 684 3046 facillimum
713 2996 772 3062 est,
813 3009 903 3047 sensu
933 2998 1080 3047 monente
1109 2990 1290 3067 improbare
1321 3010 1356 3046 ac

344 3091 476 3172 rejicere
499 3090 565 3170 ejus
588 3071 834 3149 emendationes:
862 3092 956 3168 idque
977 3091 1142 3170 permulti,
1164 3093 1261 3150 immo
1283 3092 1356 3170 ple-

343 3193 434 3271 rique
465 3192 607 3252 secerunt
636 3191 772 3250 editores
804 3191 927 3252 Horatii
957 3182 1175 3272 Terentiique,
1218 3213 1355 3273 quorum

342 3303 448 3352 tamen
466 3293 572 3350 nullus
593 3291 672 3366 fuit,
710 3297 763 3373 qui
787 3296 959 3374 comparari
983 3317 1050 3354 cum
1071 3295 1213 3354 Bentleio
1237 3307 1354 3374 posset

342 3393 409 3453 Hoc
437 3412 530 3479 uero,
565 3396 702 3455 refutare
726 3415 814 3472 eum,
854 3401 900 3454 uti
927 3418 1017 3477 saepe
1047 3398 1268 3457 difficillimum
1296 3409 1354 3472 est,
1452 3431 1453 3438 κ

341 3497 404 3571 ita,
428 3495 561 3555 sirecte
584 3506 615 3556 et
636 3499 729 3576 plene
742 3498 818 3574 -fiat,
845 3500 991 3559 simulet
1013 3500 1147 3559 debitam
1169 3509 1259 3558 tanto
1282 3502 1355 3559 viro

342 3599 550 3659 reverentiam
580 3601 699 3678 prodit,
742 3612 774 3660 et
802 3623 926 3682 operam
957 3603 1157 3681 scriptoribus
1183 3603 1248 3661 illis
1275 3623 1355 3662 vere

343 3703 511 3761 salutarem
531 3712 684 3782 praestat,
725 3713 756 3762 et
778 3705 1031 3764 exercitationem
1052 3703 1140 3764 affert
1163 3705 1239 3763 artis
1262 3705 1355 3763 c'riti-

343 3823 398 3864 cae
419 3805 622 3865 utilissimam.

338 3919 344 3927 “
428 3905 491 3972 Sed
518 3927 585 3966 non
614 3919 660 3968 est
685 3913 912 3988 praetereunda
932 3933 994 3971 una
1013 3931 1078 3987 res,
1111 3912 1145 3970 in
1169 3931 1232 3990 qua
1253 3910 1354 3970 Bent-

340 4008 421 4066 leius
445 4010 594 4089 singulari
617 4020 687 4070 c'um
708 4013 813 4072 fructu
833 4015 1006 4074 litterarum
1028 4016 1131 4074 sensui
1152 4016 1276 4089 omnia,
1298 4015 1354 4094 ju*

341 4109 422 4168 dicio
451 4131 549 4192 prope
574 4111 655 4172 nihil
682 4116 803 4174 tribuit.
846 4115 926 4176 Dico
950 4127 1050 4176 autem
1078 4137 1145 4175 rem
1175 4115 1352 4187 metricam,

338 4211 374 4270 in
404 4231 464 4290 qua
487 4215 730 4276 luculentissime
757 4231 885 4310 apparet
913 4221 1054 4281 divinum
1085 4217 1148 4277 viri
1175 4219 1351 4295 ingenium,
