2986 4980
341 409 390 492 16

340 591 562 700 persuadeto
573 589 775 677 nitebatur,
797 585 993 664 deduceret
1005 589 1200 672 Rubenius.
1247 591 1344 670 Num

338 732 415 808 hoo
437 726 586 806 menri-ni
605 753 649 802 ex
670 725 755 818 illo,
786 751 871 798 cum
891 723 1070 800 Bruxellis
1091 753 1173 800 eum
1195 730 1345 804 salutas·

340 893 438 960 seru,
462 861 607 960 audire,
634 860 704 938 sibi
725 879 864 936 certum
883 885 971 956 esse,
1003 890 1023 936 a
1043 888 1128 938 vero
1148 865 1249 938 illam
1269 868 1343 942 Ge.-

341 999 445 1079 vartii
473 997 685 1102 opinionem
716 997 825 1095 longe
854 995 1037 1086 recedere,
1074 997 1189 1099 idque
1217 1003 1344 1108 inultis

343 1109 543 1214 rationibus
566 1159 651 1209 cum
674 1157 718 1208 ex
740 1131 913 1226 Manilio,
944 1153 1025 1206 turn
1050 1161 1098 1210 ex
1121 1134 1343 1240 Panegyrico

341 1268 554 1363 Claudiani,
581 1293 693 1370 quem
712 1265 840 1360 Mallio
864 1266 1065 1370 inscripsit,
1093 1277 1132 1342 s'e
1152 1297 1257 1370 posse
1279 1271 1344 1346 cd·

335 1429 490 1491 struere.
518 1403 722 1492 Plurimum
735 1401 846 1502 igitur
858 1401 926 1479 tibi
938 1399 1123 1478 debebunt
1134 1431 1256 1480 manes
1271 1407 1345 1480 Ru'.

336 1542 458 1635 herii,
490 1539 521 1616 si
543 1538 626 1640 quis
647 1536 808 1612 manium
828 1564 952 1612 seruus
975 1561 1046 1633 est,
1075 1541 1140 1638 qui
1155 1563 1229 1616 tum
1243 1569 1346 1644 egre·

336 1677 436 1776 giam
455 1675 532 1774 eius
549 1673 728 1750 diatriben
749 1685 792 1746 ex
806 1674 974 1768 tenebris,
997 1674 1038 1750 iu
1055 1675 1187 1776 quihus
1205 1678 1344 1777 alrsque

339 1835 375 1888 te
392 1814 543 1906 luisset,
574 1822 751 1914 perpetuo
787 1808 890 1908 quasi
918 1810 1056 1912 sepulta
1084 1811 1268 1908 jacuisset,
1302 1814 1344 1886 in
1461 1871 1466 1882 .

339 1946 418 2024 dias
439 1945 590 2024 luminis
606 1970 708 2018 auras
723 1943 941 2045 protraxisti.
992 1945 1037 2018 ln
1056 1944 1119 2020 illa
1135 1973 1208 2020 non
1223 1948 1343 2022 solum

337 2081 483 2170 Malui,
507 2107 549 2156 cc
563 2077 736 2172 Ausonii,
757 2079 847 2168 vita,
869 2078 934 2155 sed
956 2079 1063 2153 etiam
1082 2051 1231 2155 illorum
1252 2105 1343 2156 tem·

340 2187 473 2318 potum
495 2213 646 2289 historia
666 2213 751 2291 sutis
772 2215 925 2290 obscura
949 2215 1165 2310 illustratur,
1191 2193 1240 2290 'an
1266 2245 1341 2293 uon

338 2352 465 2431 'trullae
485 2348 679 2450 Scaligeri,
720 2347 885 2444 Beronii,
925 2351 1151 2453 aliorumque
1179 2349 1343 2426 doctissi-

335 2513 484 2568 morum
497 2483 689 2560 homiuum
707 2484 1007 2560 hallucinationes
1024 2485 1252 2586 deteguntur,
1274 2517 1342 2562 nec

337 2649 411 2698 nou
431 2619 614 2722 'quaedam
640 2621 968 2728 scriptorumcum
989 2595 1229 2715 Graecorum,
1264 2643 1342 2697 turn

336 2755 551 2835 Latinorum
585 2756 625 2832 in
653 2755 780 2857 primis
813 2757 1001 2857 utriusque
1040 2755 1187 2830 Codicis
1219 2755 1342 2834 Theo·
1393 2745 1395 2752 Ι

337 2886 434 2974 dosii
460 2913 497 2988 et
519 2891 715 2968 Justiuiaui
739 2891 820 2967 locu
844 2889 1016 2966 mendosa
1039 2891 1195 2966 feliciter
1214 2919 1343 2968 sanan·

337 3048 415 3120 tur,
464 3024 543 3103 Neo
564 3049 687 3102 manes
715 3047 855 3102 tantum
889 3025 1064 3122 Rubenii,
1110 3024 1177 3100 sed
1216 3053 1342 3103 omnes

337 3157 571 3238 humanitatis
593 3161 768 3256 cultores,
805 3161 873 3235 tibi
901 3188 969 3264 pro
990 3163 1065 3237 hoc
1086 3161 1126 3236 in
1150 3135 1196 3234 se}
1209 3165 1341 3238 merito

339 3294 539 3378 devinxisti.
608 3295 661 3370 Hi
689 3323 787 3370 nuuc
818 3319 898 3371 tuas
930 3324 1034 3374 curas
1067 3297 1107 3370 in
1136 3295 1341 3392 Manilium,

338 3428 575 3537 Hesychium‚
598 3431 763 3530 aliosque
785 3434 979 3534 scriptores
1002 3418 1207 3506 desiderant
1226 3455 1262 3506 et
1284 3461 1342 3508 ex·

262 3623 264 3636 .
337 3586 497 3666 spectant
517 3566 664 3668 cupide.
702 3566 808 3652 'Nam
821 3554 1074 3642 ¹eruditissima
1094 3567 1159 3641 illa
1179 3557 1355 3668 epistoln'

338 3729 450 3800 quma
471 3701 695 3777 subnexuisti
719 3701 873 3777 Malalae
896 3703 1108 3798 Chronicis,
1133 3725 1207 3777 turn
1228 3706 1341 3776 multa

340 3827 615 3914 reconditanos
642 3835 787 3926 docuit,
820 3859 870 3911 ut.
884 3819 1143 3940 incredibilem¹
1161 3859 1341 3937 exspecta·

339 3970 476 4054 tionem
499 3969 554 4045 tui
569 3967 705 4070 ingenii
717 3971 960 4048 commoverit,
1009 3971 1117 4046 Nihil
1135 3973 1240 4048 nohis
1260 3974 1340 4048 lou-⁴

339 4105 417 4202 gius
433 4126 495 4200 est,
514 4103 609 4182 nihil
622 4101 867 4203 desideratius,
888 4134 998 4207 quam
1013 4130 1053 4184 ut
1068 4108 1132 4186 illa
1145 4103 1353 4205 videamus,¹
