2950 4998
692 675 761 778 Ep.
789 671 970 750 XXXVI.

161 925 164 932 .
244 869 312 941 ¹17
378 871 493 930 vnto
520 869 741 924 rtuusrru
773 869 1013 922 asculano
1042 868 1273 918 saurasro

750 1009 779 1056 s.
803 1007 837 1057 r.
864 1008 926 1064 u.

644 1144 672 1193 s
697 1144 734 1192 c.
759 1140 1003 1198 aurursus.

397 1294 439 1369 Si
460 1290 559 1396 apud
579 1311 616 1365 te
635 1311 731 1364 recte
751 1311 816 1417 est,
840 1287 1007 1389 gaudebo
1019 1287 1181 1362 mirifice.
1231 1281 1328 1361 Nam

326 1423 412 1505 cum
434 1451 470 1504 te
491 1435 608 1502 ame'm
628 1426 754 1522 unice,
785 1423 947 1546 tantique
966 1423 1114 1521 faciam,
1141 1442 1184 1497 ut
1206 1443 1329 1498 tecum

326 1538 512 1640 couferam
530 1587 686 1664 paucos,
712 1560 895 1644 neminem
914 1559 1125 1660 praeferam,
1148 1583 1226 1632 non
1246 1579 1330 1660 pot·

221 1732 226 1741 ·
327 1700 396 1776 erit
421 1711 496 1774 bon
523 1698 617 1772 mihi
643 1675 802 1772 summae
824 1694 1001 1796 voluptati
1025 1719 1118 1792 esse,
1155 1693 1188 1767 si
1209 1714 1247 1769 te
1268 1719 1330 1770 vo·

325 1837 400 1912 lere
423 1857 459 1910 et
485 1843 588 1936 agere
619 1859 663 1908 ex
688 1829 862 1906 sententia
884 1829 1106 1906 intellexero,
1156 1827 1235 1929 Ego
1257 1855 1328 1930 pro

325 1970 527 2070 grandioris
541 1969 650 2068 hujus
667 1945 790 2043 aetatis
804 1991 903 2042 meae
924 1964 1061 2041 ratione
1075 1963 1195 2038 adhuc
1210 1965 1325 2041 valeo.

324 2103 403 2177 Has
434 2104 503 2176 tibi
517 2081 655 2175 'reddet
687 2101 823 2200 juvenis
854 2097 1114 2176 eruditissimus
1143 2097 1325 2190 Necoms,

326 2237 391 2338 qui
425 2237 633 2313 adolescens
669 2236 812 2338 scripsit
843 2234 1022 2312 diatriben
1060 2236 1106 2310 de
1133 2235 1329 2315 Veteribus

325 2372 588 2473 Interpretibus
610 2371 783 2470 Homeri,
812 2392 895 2472 post
914 2370 954 2443 in
978 2369 1047 2444 hac
1071 2369 1161 2446 urbe
1189 2370 1328 2445 Biblio-

318 2505 470 2580 'thecam
494 2535 674 2586 novorum
695 2508 885 2582 librorum.
937 2489 1006 2580 Ab
1027 2505 1193 2582 Electore
1215 2505 1329 2582 Bran-

200 2725 202 2732 *
316 2642 525 2744 'deburgico
545 2643 602 2718 illi
624 2651 695 2742 jam
716 2641 883 2717 mandata
903 2662 956 2718 est
969 2640 1153 2744 provincia
1167 2640 1327 2717 docendi

314 2775 463 2853 'litteras
492 2777 729 2880 politiores'
718 2805 757 2852 ιιι
786 2777 924 2853 Illustri
955 2777 1153 2880 Gymnasio
1183 2778 1326 2854 Beroli·

327 2913 451 3011 riensi3
482 2915 547 2989 sed
572 2935 785 3016 potestatem
807 2911 915 2986 etiam
935 2935 1072 3013 petenti
1060 2912 1194 2988 dedit
1213 2915 1326 3014 profi·

314 3045 526 3122 «ciscendi
516 3077 555 3122 m
589 3071 742 3124 vestram
767 3049 909 3124 beatam
936 3049 1107 3144 insulam,
1133 3047 1323 3124 excolendi

216 3213 219 3220 ·
314 3177 439 3282 ‘magis
468 3183 652 3284 magisque
676 3185 829 3286 ingenii,
871 3207 907 3260 et
931 3205 1062 3262 vestras
1082 3183 1325 3260 bibliothecas

242 3325 317 3392 118'
327 3317 582 3418 perlustrandi,
606 3318 804 3422 doctosque
825 3321 923 3396 viros
940 3319 1182 3420 cognoscendi
1208 3345 1325 3396 causa.

316 3435 531 3554 ·1n'3quihus
550 3481 634 3528 cum
654 3475 695 3529 tu
716 3441 919 3557 principem
939 3456 1062 3530 locum
1095 3475 1236 3552 teneas,
1264 3453 1322 3528 tui

326 3589 503 3690 imprimis
518 3591 668 3667 videndi
689 3591 791 3665 ardet
807 3589 994 3698 desiderio.
1045 3587 1181 3664 Nullus
1193 3587 1323 3666 dubito

327 3727 434 3823 quin,
480 3754 551 3824 qua
581 3754 617 3801 es
644 3719 864 3801 humanitate
889 3727 929 3800 in
956 3753 1097 3820 omnes,
1129 3725 1323 3827 praecipue

327 3862 557 3936 humanitatis
592 3890 665 3938 non
697 3884 877 3962 expertes,
919 3862 1035 3959 virum
1060 3861 1246 3962 egregium
1274 3857 1324 3932 sis

323 3998 596 4096 complexurus,
643 4019 680 4072 et
711 3996 849 4072 aditum
880 4026 964 4072 cum
997 3997 1043 4072 ad
1072 3996 1326 4089 bibliothecas,

329 4152 404 4203 tum
424 4131 474 4256 1ad
495 4132 661 4206 homines
685 4134 845 4210 eruditos
868 4135 907 4206 in
931 4156 1049 4212 vestro
1071 4159 1182 4242 reguo
1204 4130 1327 4204 muni·
