2986 4980
272 409 466 490 .18·

352 599 436 678 ttla
463 621 548 672 cum
585 585 803 674 invenissem
837 590 936 696 apud
958 585 1164 696 'profugum
1195 593 1359 690 Gallum,

293 734 442 858 ⁹1iussi
466 722 562 838 typis
590 725 766 806 mandari.
781 693 1001 844 &plecedet
1035 727 1237 806 dissertatio
1268 729 1359 806 Toi-
1418 747 1423 756 ’

353 859 459 948 nardi
485 867 541 944 de·
562 855 761 944 Commodi
786 853 1018 965 Imperatoris
1046 886 1171 940 aetate.
1231 865 1362 941 Mane·

352 1003 476 1082 thonis
502 1027 557 1076 res
584 1025 664 1078 non¹
686 1021 741 1075 est
762 1021 836 1074 tam
867 997 1045 1102 expedita.
1068 996 1222 1098 „Nostri
1249 1001 1358 1075 amici

352 1139 411 1214 bis
436 1138 475 1211 in
499 1137 604 1212 terris
623 1156 871 1236 non-negant,
905 1134 971 1209 sed
990 1161 1059 1212 nec
1088 1134 1172 1218 satis
1202 1121 1360 1236 benigne

350 1272 579 1377 promittunt.
630 1271 920 1370 Hamburgenses
952 1267 1115 1345 Horbius
1140 1292 1175 1344 et
1199 1257 1361 1358 Maierus

352 1409 493 1512 prolixe
515 1407 756 1508 pollicentur,
792 1404 1154 1506 sedinexpiabilibus
1184 1404 1280 1480 odiis
1298 1405 1359 1482 in·
1466 1444 1468 1457 ·

351 1543 453 1618 censi
473 1539 688 1642 gladiatorio
711 1564 934 1614 concurrunt
953 1540 1092 1636 animo,
1130 1563 1172 1616 ut
1194 1568 1262 1615 nec
1282 1567 1356 1636 sua,

352 1705 421 1752 nec
434 1675 550 1750 aliena
566 1677 707 1777 negotia
723 1701 847 1751 curare
863 1677 1011 1778 possint,
1035 1697 1220 1776 tantasque
1233 1678 1357 1751 turbas

338 1813 591 1909 excitarunt,¹
611 1833 655 1886 ut
679 1833 753 1887 tota
776 1812 898 1888 civitas
920 1813 982 1886 illa
1014 1811 1190 1886 intestinis
1220 1811 1359 1886 discor-

278 2015 285 2032 s
353 1949 423 2023 diis
449 1945 692 2022 miserrimum
717 1947 756 2020 in
771 1945 934 2022 *modum
959 1969 1117 2024 vexetur.
1174 1944 1282 2020 Nihil
1305 1947 1358 2020 ta·

351 2111 438 2159 men
460 2081 553 2159 mibi
575 2108 698 2157 curae·
715 2082 899 2182 studiique
924 2083 1106 2192 reliquunr
1130 2081 1276 2178 faciam,
1314 2102 1357 2156 ut

353 2239 521 2296 votorum
563 2239 748 2318 compotes
791 2215 989 2296 reddamur
1034 2217 1189 2296 taudem.
1253 2215 1356 2291 Haec

354 2352 516 2455 quamvis
534 2351 586 2425 sic
607 2379 645 2426 se
656 2352 841 2451 babeant,
861 2353 996 2431 irascor
1014 2377 1135 2428 tamen
1154 2379 1253 2428 meae
1267 2380 1355 2454 pro·

352 2487 597 2563 crastinationi
615 2488 654 2561 in
675 2486 914 2590 persolvendo
930 2491 1122 2591 gratiarum
1135 2514 1297 2578 munere,
1318 2509 1356 2562 ct

351 2651 421 2728 pro
438 2623 622 2699 Ciceronis
637 2623 925 2725 Philosopbicis,
950 2627 1034 2725 cum
1055 2625 1204 2726 antiquo
1226 2622 1356 2700 codice

353 2777 460 2836 notae
481 2760 638 2860 optimae
666 2759 886 2855 commissis,
918 2789 1010 2860 quae
1029 2789 1172 2836 mecum
1193 2787 1357 2836 commu-

352 2894 496 2972 nicavit
523 2889 768 2970 Reverendiss.
800 2895 1003 2998 Episcopus
1030 2894 1276 2990 Nervicensis,
1318 2913 1356 2968 et

352 3057 422 3130 pro
442 3029 599 3103 Rubenii
621 3029 783 3106 diatribc.
807 3080 812 3093 ·
836 3031 1012 3110 Cicerone
1024 3031 1189 3110 nondum
1203 3026 1356 3132 quidem

353 3192 435 3237 sum
456 3191 558 3258 usus,
578 3161 678 3265 ¹¹quia
700 3186 736 3240 et
759 3193 825 3267 ego
848 3189 884 3242 et
904 3170 1029 3270 p'roela
1049 3197 1147 3242 nunc
1174 3191 1355 3272 occupan-

353 3319 415 3372 tur
445 3298 485 3372 in
515 3298 750 3374 Orationibus
780 3299 948 3399 edendis,
989 3304 1037 3378 ad
1061 3332 1148 3404 quas
1172 3300 1355 3401 expolien-

356 3431 422 3505 das'
437 3429 546 3509 ¹novis
570 3434 725 3510 subinde
759 3436 917 3515 instruor
946 3437 1130 3513 subsidiis.
1186 3435 1355 3510 Philoso·
1458 3452 1467 3463 ’

353 3565 468 3668 phica·
490 3567 626 3644 interea
655 3565 908 3672 custodiuntur
936 3603 957 3649 a
986 3602 1045 3649 me
1067 3572 1185 3673 nigris,
1204 3569 1355 3670 diligen·

307 3726 335 3753 *s
353 3701 425 3774 tius
453 3700 548 3798 uris,
587 3723 623 3778 et
653 3703 760 3782 bona,
783 3689 858 3784 lide
887 3731 979 3785 sorta
1007 3731 1101 3786 tecta
1119 3701 1355 3784 'remittentur

353 3835 475 3911 lllus'ri
503 3838 605 3914 Viro.
675 3841 745 3915 Cui
774 3865 974 3940 quantum.
998 3871 1066 3946 pro
1103 3844 1176 3919 boc
1206 3865 1356 3916 munere

354 3969 523 4068 debeam,
554 4001 631 4048 non
655 3964 877 4074 vos'solum,
920 3980 985 4054 scd
1012 3979 1129 4055 omnis
1156 3973 1355 4079 posteritas,

351 4103 383 4176 si
411 4099 562 4204 supero,
599 4132 803 4209 cognoscet.
872 4115 928 4204 si„
945 4115 1055 4191 Fabri
1084 4139 1229 4214 quoque
1261 4109 1355 4186 mrhr
