2918 5008
1099 416 1144 498 67

136 610 252 656 παντο
272 583 315 667 δὲ
337 581 437 670 αὗκῷ
460 582 646 656 λέλεκται
669 581 900 680 ἕνιΕἰρήνρ,
928 591 1070 671 equidem
1090 595 1143 664 ui-

135 695 186 753 hil
201 695 280 760 certi
294 693 412 768 habeo;
435 701 466 748 et
486 709 549 748 uua
569 694 671 747 tecum
693 689 905 767 ampliandum
927 713 992 754 esse
1014 713 1140 759 censeor

134 797 200 856 nisi
220 796 301 855 forte
320 792 482 876 quodiam
503 813 586 852 nuno
606 794 686 854 mihi
707 794 860 853 succurrit
879 802 913 854 tu
936 797 1053 878 aliquid
1074 820 1140 860 esse

135 899 302 958 censueris.
346 897 465 958 Poteris
485 895 569 956 enim
587 897 647 973 sic,
668 892 810 982 φράσις
828 893 869 962 δὲ
889 895 981 984 αὐτὴ
1002 895 1141 967 zelemi

133 1002 168 1064 ἓν
191 991 326 1090 Εἰρήνῃ·
362 998 505 1076 honest,
541 998 660 1088 Eadem
677 997 809 1079 phrasis
826 997 956 1060 habetur
974 1003 1007 1060 in
1018 1002 1140 1085 fabulo
1216 1031 1218 1034 ·

131 1103 228 1162 'Pace
272 1101 313 1162 Ut
340 1102 425 1162 enirn
452 1100 504 1170 hic
533 1110 578 1160 est
598 1089 728 1178 Ἠλθες
754 1099 789 1167 δὲ
815 1101 892 1167 κατὰ
920 1108 965 1182 τό5
1005 1107 1050 1164 ita
1071 1107 1139 1167 illio

131 1226 165 1286 p.
190 1207 261 1266 440.
302 1201 342 1283 [v.
370 1203 451 1284 ιρι]
491 1193 596 1277 Ἥκεις
624 1199 659 1268 δὲ
688 1202 766 1269 κατὰ
800 1211 837 1270 τί.
881 1205 1023 1286 Denique
1056 1208 1139 1290 'quod

131 1329 164 1389 p.
191 1309 240 1386 74.
258 1307 315 1388 [ud
337 1327 366 1367 v.
388 1302 478 1391 265]
499 1307 534 1364 in
556 1304 690 1364 Scheliis
712 1307 857 1386 habetur,
877 1291 1029 1396 Μερνκοῖς
1050 1313 1138 1394 φιλο.

132 1404 240 1503 elque
263 1402 368 1492 λόγοις
390 1409 465 1494 ἀέρα
483 1404 628 1494 βούλεται
648 1405 782 1474 sisare&
803 1412 882 1486 πᾶν,
914 1414 1082 1502 sementim
1104 1424 1140 1482 ut

130 1524 226 1595 puto,
263 1511 342 1572 mihi
367 1522 558 1590 compertum
578 1520 640 1589 est5
682 1511 813 1573 verbum
843 1523 948 1574 tamen
977 1519 1060 1598 quod
1084 1517 1137 1578 hio

130 1617 226 1690 latet,
267 1635 352 1673 nuno
383 1615 507 1692 quidem
539 1615 694 1694 expiscari
723 1636 858 1696 nequeo:
902 1616 1018 1678 Sensus
1053 1631 1137 1682 certe
1228 1677 1231 1683 .

130 1719 188 1778 lrio
208 1728 268 1792 est,
299 1715 432 1796 perinde
453 1737 488 1774 ao
509 1717 536 1774 si
559 1717 705 1794 dixisset,
744 1718 942 1799 ἑπομένως
963 1731 1026 1796 τοῖς
1046 1721 1137 1804 φιλο.

131 1814 240 1900 σόφων
258 1812 363 1900 λόγοις
382 1818 458 1900 ἃὲρα
479 1829 535 1877 etc.
579 1817 758 1878 Secundum
777 1820 1039 1901 Philosophorum
1059 1826 1137 1905 dog.

130 1933 220 1983 mata
239 1921 317 1980 dicit
340 1942 404 1981 esse
429 1919 539 1980 Omne.
582 1921 655 1980 Non
677 1911 778 2000 enim,
811 1925 922 2000 oredo,
950 1926 985 1984 in
1004 1937 1138 2012 μεροκοϊς
1250 1989 1252 1994 .

131 2023 320 2108 subolfaoies
349 2021 385 2087 τό
412 2019 616 2107 Ἐρετρικοῒς,
660 2043 737 2104 quse
767 2035 848 2084 secta
876 2017 1137 2108 philosophorum
1223 2031 1225 2046 '

132 2139 203 2188 erat
224 2149 240 2186 ο
262 2127 445 2185 Menedemo
469 2146 585 2185 nomen
605 2107 703 2186 necis.
759 2129 857 2208 Atque
878 2128 956 2188 haec
977 2131 1135 2204 hactenus,

221 2229 394 2288 Omiseram
424 2229 499 2307 quid
526 2249 593 2308 pag.
619 2232 686 2291 105.
727 2226 782 2309 [K.
807 2251 836 2292 v.
862 2229 933 2309 867.Ι
964 2267 1006 2280 -
1033 2233 1084 2296 Bu.
1105 2257 1137 2314 y,

131 2330 224 2422 Ι869]
246 2332 328 2412 quoel
349 2333 402 2392 hio
424 2341 514 2390 extra
534 2331 675 2394 ordinem
697 2353 820 2418 ponam,

263 2435 328 2501 Καὶ
349 2432 656 2518 eorumquoque
682 2429 715 2498 οὗ
737 2438 849 2520 τρίβων
870 2435 932 2500 τοῖν
952 2430 1072 2504 ἐνθάδε.

220 2538 314 2620 Atqui
335 2561 365 2620 p.
388 2535 436 2614 7'1.
461 2537 505 2617 [v.
527 2535 615 2615 218]
639 2535 805 2615 corripitur
825 2525 861 2596 ee
882 2557 960 2617 vox,
993 2538 1064 2612 οὑπὶ
1083 2535 1137 2626 τῇς

129 2637 311 2731 κρεμάθρας
334 2637 424 2732 civilem
455 2651 544 2719 atque
564 2639 608 2700 ite
630 2640 777 2719 pleraque
799 2639 864 2719 ejus
887 2642 1007 2722 generis
1030 2646 1138 2704 omnia

130 2745 219 2825 apud
241 2743 399 2803 Nostrum.
442 2741 521 2823 Ergo
542 2751 595 2801 aut
614 2741 666 2801 hie
685 2743 901 2828 upopoorpolr
919 2745 1136 2824 conjiciebam,

132 2856 189 2907 aut
211 2847 287 2906 alias
294 2892 302 2922 ,
332 2846 382 2910 καὶ
403 2841 469 2909 τῶν·
484 2846 672 2930 κρεμαθρῶν
692 2839 775 2909 οὔπω
798 2849 909 2931 τρίβων
929 2845 988 2909 τῶν
1008 2841 1134 2924 iuliis,
1173 2897 1180 2920 ,

132 2951 200 3016 Sed
237 2951 309 3030 quia
349 2945 459 3006 suidas
497 2947 533 3004 iu
574 2939 730 3029 Νηπότιος
768 2948 925 3028 vulgatam
964 2947 1136 3024 lectionem

132 3051 289 3133 agnoscit,
311 3059 343 3109 et
361 3050 497 3110 secunda
514 3045 572 3112 τοῦ
589 3049 751 3133 κρέμαθρα
770 3049 865 3132 (apud
881 3049 993 3130 Epicos
1014 3051 1136 3142 saltem)

132 3155 279 3234 ambigua
301 3161 361 3230 est,
389 3153 460 3211 ideo
482 3161 556 3210 tuno
577 3152 670 3210 tacui.
719 3151 812 3229 Nunc
835 3162 937 3212 autem
956 3155 1011 3213 ubi
1030 3153 1138 3215 Pollu-

133 3279 204 3316 cem
224 3256 258 3313 iu
280 3275 387 3313 manus
409 3256 574 3333 cepissem,
595 3253 686 3314 video
710 3275 779 3312 eum
802 3254 858 3314 lib.
877 3255 922 3314 Χο
947 3257 1137 3350 κρίμαστραν

133 3361 232 3419 citare
253 3378 294 3416 ex
314 3357 471 3436 Aristoph.
492 3355 651 3434 Nubibus;
680 3367 716 3416 ut
737 3357 812 3442 quin
833 3358 878 3425 lta
899 3355 950 3422 hio
969 3359 1136 3440 legendum

132 3465 193 3537 sit,
214 3459 297 3519 nihil
319 3461 465 3540 estquod
488 3481 573 3519 nuno
595 3459 742 3534 dubitem.

219 3559 259 3620 Et
284 3582 367 3620 nuno
396 3563 522 3622 tandem
548 3582 675 3620 menum
704 3561 742 3620 de
772 3559 886 3618 tabula.
929 3559 1031 3621 Unum
1054 3563 1136 3624 ‹lun-

130 3673 220 3725 taxat
249 3665 439 3724 monendum
469 3663 568 3722 adhuc
593 3670 706 3737 ‚restem
744 3661 916 3720 curandum
940 3683 1071 3744 nempe,
1100 3675 1137 3726 ut

130 3771 168 3828 in
190 3777 279 3826 textu
300 3763 334 3830 τό
359 3791 377 3830 ν
396 3765 490 3826 finale
511 3783 632 3844 semper
653 3773 828 3842 apponatur
847 3765 901 3824 ubi
923 3765 1042 3846 syllaba
1061 3768 1135 3826 lon-

132 3893 172 3952 ga
193 3880 256 3946 est3
286 3869 369 3950 quod
390 3870 424 3928 in
448 3869 539 3930 editis
560 3868 744 3952 plerumque
762 3867 868 3925 obesse
889 3867 985 3946 solet,
1013 3878 1045 3928 et
1062 3889 1136 3930 cru-

132 3993 201 4032 cem
227 3973 292 4052 figit
314 3971 473 4050 studiosis,
518 3969 572 4051 qui
600 3979 698 4036 metro
724 3968 851 4038 Comica
877 3970 957 4034 scire
986 3972 1134 4051 eupiunt:

130 4085 167 4134 ut
188 4096 219 4156 p.
243 4073 293 4136 63.
319 4079 359 4156 [v.
382 4077 444 4154 74]

261 4171 330 4242 ἀλλ’
354 4169 486 4262 ἵππερόν
508 4197 569 4258 μου
589 4175 747 4258 κατέχεε
769 4173 830 4238 τῶν
851 4166 1018 4260 χρημάτων.

718 4294 773 4334 02
