2986 4980
287 400 408 566 ,2,

343 650 381 704 et
419 627 631 724 salmasio,
671 647 707 699 ot
733 607 922 698 Tristanos
956 647 992 700 et
1023 624 1192 702 Pessinos
1222 625 1348 702 defen·

343 763 455 838 deret.
498 760 606 868 Nihil
618 783 737 834 tamen
750 761 790 832 in
804 757 965 832 medium
980 763 1130 859 profert,
1152 763 1255 862 quod
1268 791 1347 837 mo·

305 889 308 897 ¹
341 899 455 974 menti
476 897 608 972 habeat
632 895 826 996 quicquam
850 893 897 966 ad
919 877 1129 995 opinionem
1153 926 1255 970 suam
1279 921 1348 972 sta·

259 1038 261 1044 ’
340 1033 562 1129 sitiendam,
603 1052 853 1134 praeterquam
877 1057 968 1130 quae
1003 1030 1143 1104 dudum
1165 1033 1205 1106 in
1226 1036 1371 1116 lucem¹

342 1168 506 1244 ediderat
543 1168 582 1242 in
616 1166 837 1264 Papinionis
875 1189 910 1240 ct
948 1169 1076 1242 Variis
1103 1170 1346 1244 Lectionibus.

340 1305 468 1404 Itaque
492 1333 578 1376 cum
597 1303 703 1378 toties
725 1295 875 1402 repetita
896 1303 1038 1376 crambe
1063 1330 1230 1377 nauscam
1253 1307 1348 1380 mihi

287 1422 292 1430 .
342 1462 379 1514 ct
407 1439 592 1550 fastidium
620 1459 796 1532 moveret;
835 1437 986 1512 mirifice
1021 1459 1139 1512 tamen
1168 1464 1347 1530 recreatus

343 1603 424 1649 sum
447 1573 602 1649 aureolis
628 1572 767 1646 duabus
786 1573 959 1674 epistolis,
981 1574 1134 1674 quaein
1156 1575 1225 1651 isto
1243 1577 1348 1648 char·

343 1733 461 1785 tarum
498 1710 592 1782 fasce
622 1708 826 1803 latitabant,
872 1735 1037 1809 quaeque
1073 1709 1348 1784 celeberrimum

345 1844 491 1921 Graevii
514 1869 650 1922 nomen
671 1844 833 1918 ferebant
857 1826 1081 1946 inscriptum.
1141 1843 1241 1918 Illud
1262 1873 1347 1921 vero

342 1962 403 2055 me
429 1979 623 2079 perculisse
651 1978 783 2072 fateor,
823 1979 935 2076 quod.
949 1979 997 2052 ad
1023 1981 1183 2056 Gevartii
1204 2003 1348 2054 senten-

130 2147 131 2154 *
246 2159 253 2163 -
311 2161 315 2172 ·
344 2115 437 2192 tiam·
459 2113 505 2192 de
526 2134 641 2189 aetate
666 2111 813 2190 Manilii
840 2112 993 2191 videaris
1013 2115 1200 2189 accedere:
1239 2137 1347 2214 atque

344 2248 449 2345 adeo,
469 2250 503 2329 si
520 2245 759 2324 confidentiae
781 2251 1039 2325 meacveniam
1053 2248 1207 2341 dederis,
1231 2249 1347 2332 liben-

342 2405 399 2463 ter
427 2406 463 2458 tc
494 2383 608 2460 velim,
629 2384 818 2478 sciscitari,
859 2384 1000 2460 serioue
1031 2386 1129 2458 istud
1156 2385 1346 2484 liberoque

340 2519 483 2620 judicio
504 2518 657 2610 dixeris3
694 2546 741 2594 an
762 2541 806 2593 ut
823 2521 1121 2596 assentatiuncula
1142 2520 1208 2594 ista
1230 2530 1285 2610 (ut
1306 2521 1346 2594 iu

341 2656 448 2734 robus
468 2654 663 2732 levioribus
692 2655 773 2732 fieri
801 2656 895 2732 solet
918 2655 1094 2755 obsequio
1115 2655 1216 2730 haud
1238 2653 1345 2728 inho-

340 2803 459 2884 nesto)
484 2797 559 2889 ejus
577 2791 726 2889 gratiam
746 2789 975 2864 conciliatos:
1005 2811 1042 2862 et
1065 2789 1096 2862 si
1121 2791 1215 2864 sorte
1239 2790 1345 2882 serio,

274 2937 326 3006 1¹5
341 2924 518 3002 eademne
546 2954 647 3002 nunc
674 2925 743 2998 tibi
770 2951 811 2998 ac
830 2945 917 3001 ‚tum
945 2923 1035 2998 olim
1064 2945 1134 2998 stet
1159 2924 1344 3017 sententia,

340 3059 547 3162 quibusque
580 3057 815 3157 argumentis
829 3059 1066 3134 statuminata.
1124 3057 1211 3133 Erat
1236 3060 1345 3133 etiam

244 3224 246 3228 ⁷
328 3203 542 3297 praeterea,
586 3188 687 3288 quud
719 3219 781 3266 me
806 3193 1021 3268 Adversaria
1051 3193 1117 3269 ista
1145 3217 1344 3269 versantem

338 3355 417 3406 nou
448 3326 629 3403 mediocri
659 3327 841 3426 voluptate
867 3327 1002 3420 affecit,
1035 3327 1248 3402 Dissertatio
1261 3330 1343 3404 soi·

290 3517 298 3526 -
336 3461 543 3539 licetfibene
566 3462 674 3559 longa
700 3483 937 3560 eaperquant
959 3459 1168 3538 eruditoria
1189 3464 1260 3539 vita
1283 3464 1340 3562 Fi

337 3594 459 3669 Mallii
478 3593 668 3672 Theodori
695 3596 796 3680 Coa·
810 3617 973 3690 autore„
986 3620 1028 3674 ut
1051 3625 1138 3672 casu
1167 3597 1341 3696 comperi,

336 3731 493 3808 Alberto
514 3729 700 3824 Rubeni03
730 3736 832 3828 cujus
857 3737 1038 3828 Opuscula
1051 3734 1274 3826 Posthunto,
1303 3751 1341 3804 te

337 3862 606 3959 obstetricante,
635 3865 680 3941 in
702 3857 822 3940 lucem
843 3865 1083 3970 ¹prodierunta
1132 3865 1238 3940 Hanc
1258 3880 1341 3940 meo

217 4059 220 4064 .
313 3997 473 4107 ¹judicio
493 3997 642 4078 minime
663 3997 808 4096 dignam
830 4027 924 4099 quac
944 4027 1029 4076 oum
1042 4000 1165 4076 blattis
1185 4021 1222 4072 et
1235 3998 1340 4080 tineis

305 4132 472 4214 ,diutius
503 4107 745 4228 conflictatur,
780 4123 918 4212 curabo
947 4134 1015 4214 tibi
1046 4131 1278 4230 mitteu'dam3
1309 4132 1340 4204 si
