2950 4998
328 421 404 495 112

327 631 365 684 te
383 596 596 684 deserendas
617 626 768 682 curaret.
821 603 866 678 ln
890 606 964 680 illis
987 607 1179 681 consilium
1207 609 1333 683 meum

326 744 396 819 tibi
409 742 535 846 aperui
555 740 601 816 de
616 740 761 818 edendo
775 740 950 846 Horatio;
969 742 1155 844 petiiqtte,''
1164 763 1208 816 ut
1226 742 1334 844 siqua

327 879 396 954 tibi
418 898 511 956 esset
525 876 633 978 eopia
658 879 731 956 sive
753 899 913 956 veterum
934 875 1152 976 Leetionum
1179 903 1244 953 seu
1266 903 1334 952 no·

315 995 452 1094 ⁴tarum
486 1012 805 1114 Conjeeturarum,
835 1039 893 1090 eas
911 1011 1011 1088 mihi
1042 1011 1229 1116 impertire
1258 1013 1336 1088 vel·

327 1151 399 1246 les,
431 1127 505 1250 quo
537 1146 650 1238 editio
680 1151 785 1224 fieret
804 1168 842 1223 et
873 1147 1005 1224 melior
1031 1169 1070 1224 et
1099 1146 1333 1256 luculentior.

329 1285 390 1360 aa
412 1307 457 1358 eo
480 1262 643 1384 elapsae
662 1283 757 1358 atto
778 1311 799 1358 a
822 1303 858 1358 te
880 1283 1085 1358 niteam
1096 1281 1224 1358 assu.
1253 1280 1336 1358 uu-

328 1445 395 1522 per
425 1438 545 1526 αυυμ
576 1415 788 1492 londinum
818 1439 987 1494 evocatus
1025 1416 1074 1493 ad
1105 1417 1336 1495 Conventum

329 1551 652 1656 Ecclesia'stioum2
677 1574 721 1632 ut
752 1553 913 1653 primum
944 1553 1171 1653 Bibliopolia
1201 1551 1336 1629 invise·

320 1673 436 1778 .bam',
467 1686 519 1762 iu·
535 1686 787 1787 elegantissimi
812 1687 1077 1792 Broolrlruyssii
1101 1687 1335 1790 Propertium

329 1811 465 1914 ineidi3
487 1819 587 1898 unde
608 1849 738 1923 magno
762 1849 844 1900 meo
868 1821 1000 1923 gaudio
1027 1820 1143 1899 didici
1162 1847 1276 1923 penes
1296 1841 1334 1895 te

329 1985 406 2036 esse
428 1959 659 2036 veterrimum
671 1958 850 2033 Venusini
868 1957 983 2032 nostri
998 1937 1203 2060 Exemplar.
1251 1955 1335 2056 Ego

329 2119 415 2171 vero
441 2091 542 2166 hio
532 2120 572 2166 tn
603 2093 790 2168 Britannia
824 2093 966 2192 aliquot
993 2115 1118 2174 nactus
1146 2119 1228 2168 sum
1257 2117 1335 2166 uon

324 2223 616 2321 contemnenda,
651 2252 766 2300 unum
794 2228 1002 2328 praesertim
1031 2244 1075 2302 ert
1103 2225 1336 2302 Bibliotheca

246 2355 316 2430 155
326 2345 477 2460 Regia,
490 2357 591 2460 quod
617 2379 673 2434 ter
695 2381 891 2464 quaterque
911 2389 1032 2438 veram
1056 2361 1250 2454 lectionem
1272 2387 1336 2434 ex·

331 2494 478 2572 hibet
467 2523 507 2568 tn
529 2495 610 2568 aliis
641 2522 734 2596 quae
765 2495 842 2572 vidi
872 2496 1041 2572 omnibus
1068 2496 1335 2606 interpolatam.

331 2631 455 2710 Facile
475 2621 595 2710 tamen
628 2603 723 2706 inter
745 2658 871 2707 omnes
890 2632 1046 2708 Codices
1063 2632 1207 2744 'primas
1230 2631 1337 2704 obti-

330 2789 394 2844 net
419 2766 699 2868 Autiquissimus
723 2765 957 2863 Blandinius,
983 2767 1074 2844 olim
1096 2767 1204 2844 Petro
1231 2763 1337 2843 Nan·

331 2903 394 2978 nio
411 2912 447 2998 *)
473 2923 510 2976 et
534 2922 659 3004 postea
686 2900 826 2980 Jacobs
848 2897 1011 3001 Cruquio
1033 2901 1234 3004 perlectus,
1267 2898 1337 2992 sed

328 3038 514 3114 nonsatis
543 3038 760 3124 intellectus.
810 3036 959 3110 Utinam
987 3064 1074 3113 vero
1107 3053 1245 3114 extaret
1268 3031 1335 3107 ad·

329 3170 405 3246 hue
431 3169 498 3246 iste
523 3168 658 3266 eodex3
691 3193 726 3244 et
750 3168 900 3272 quidem
927 3173 1076 3248 fortasse
1102 3173 1135 3246 is
1160 3172 1238 3272 ipse
1266 3188 1335 3264 est,

333 3333 445 3406 quem
471 3305 572 3381 domi
597 3303 695 3404 apud
718 3326 752 3378 te
777 3304 908 3380 habes:
941 3307 1044 3407 quod
1064 3336 1111 3382 an
1135 3331 1259 3384 verum
1285 3301 1338 3376 sit

233 3457 244 3482 *
333 3440 439 3514 facile
470 3442 599 3517 rescire
636 3440 771 3541 poteris
802 3467 844 3515 ex
881 3425 1088 3544 Satyra'VI.
1124 3440 1227 3516 litat
1264 3437 1336 3510 ubi

1459 4404 1465 4565 l

1458 4590 1463 4653 l

334 3574 581 3682 cum-caeteri
608 3575 775 3669 habeant,
836 3615 838 3618 ·

386 3745 454 3818 Ast
474 3745 540 3817 uhi
562 3769 619 3818 me
644 3743 777 3818 fessum
805 3742 860 3817 sol
879 3740 996 3818 acrior
1017 3744 1069 3816 ire
1089 3740 1242 3818 lavatum

334 3975 336 3982 Ι
367 3875 609 3982 ἶΑάιηοιιιιὶῑ,
621 3881 736 3978 fugio
760 3881 899 3953 rabiosi
922 3894 1097 3977 tempora
1119 3880 1232 3977 signi,¹

404 4163 430 4232 'l
447 4148 524 4226 Vidi
539 4163 601 4242 ejus
620 4155 747 4224 Miscell.
759 4177 785 4237 3.
