2918 5008
351 439 502 508 98,

421 611 556 675 date
578 629 723 694 eperum,
744 612 849 676 adem
868 633 967 694 nequo
984 617 1088 678 untmu
1106 631 1166 697 per
1184 613 1340 674 silentium

241 691 267 752 ¹*
354 715 389 779 ln
409 715 562 787 Eunucho
584 713 621 778 Η.
644 735 676 796 u,
699 716 750 778 50.

479 831 549 880 tum
576 831 614 882 tu
641 823 742 900 agitur
763 819 933 904 paululum
954 819 998 878 du
1019 820 1064 876 mi
1081 835 1209 898 operae,
1237 818 1301 901 sur
1319 829 1352 876 ut

976 919 1112 980 admitte

482 1020 529 1083 sd
548 1025 647 1086 illam.

354 1123 395 1187 Et
415 1125 554 1208 apertius
575 1126 612 1188 11.
634 1125 736 1206 3,71.

971 1211 1101 1294 seciam
1120 1209 1244 1280 sedule,
1264 1231 1302 1270 ur

485 1311 565 1374 dabo
587 1333 730 1394 operam,
754 1310 922 1384 adjuvabo.

357 1416 443 1490 Quse
467 1417 516 1487 ,ibi
545 1417 686 1478 omniurn
714 1425 762 1478 est
787 1415 940 1476 librorum
969 1416 1132 1495 scriptura.
1175 1414 1239 1476 Sed
1261 1412 1352 1474 Bent-

355 1519 455 1596 isius,
474 1519 529 1599 qui
551 1520 591 1580 ed
611 1519 697 1580 hune
716 1536 807 1579 usum
827 1537 893 1580 non
913 1516 1110 1596 attendisset,
1135 1529 1172 1580 ut
1189 1539 1247 1599 per
1265 1537 1355 1598 asyn-

356 1621 429 1682 detu
458 1621 571 1682 fortius
603 1621 764 1682 incederet
792 1620 906 1698 oratio,
950 1639 991 1680 ex
1028 1620 1207 1702 conjectura
1239 1620 1354 1702 posuit:

348 1723 480 1805 faciam
499 1721 626 1800 sedulo,
661 1721 741 1782 dabo
760 1743 904 1804 operam,
942 1709 1108 1800 ααῖιινὶιόο.
1162 1749 1165 1756 ·

371 1809 381 1844 ”
441 1823 582 1904 Videtis,
617 1823 782 1886 Candidati
800 1825 1034 1901 humanissimi,
1066 1846 1158 1907 quum
1179 1824 1278 1885 multa
1297 1823 1357 1884 sint

355 1927 389 1988 in
413 1925 550 1992 Bentleii
569 1927 708 1990 editione
728 1927 885 2005 Terentii,
911 1947 988 2009 quae
1010 1925 1195 1990 continuent
1217 1935 1355 1994 nostrum

355 2029 436 2090 illud
457 2029 498 2090 de
519 2051 572 2106 ea,
606 2031 691 2111 quod
710 2049 805 2112 supra
823 2031 999 2115 posuimus,
1031 2031 1193 2112 judicium.
1242 2029 1356 2089 Attuli-

355 2151 424 2192 mus
446 2143 549 2194 eutem
573 2130 652 2194 haec
670 2153 708 2194 eo
727 2133 807 2210 fine,
840 2143 893 2210 ut,
926 2135 1068 2220 sinemo
1090 2142 1154 2209 eet,
1196 2152 1289 2212 quem
1311 2131 1355 2206 iis,

355 2234 412 2312 qui
431 2244 517 2294 reete
537 2235 733 2313 antiquitatis
751 2233 854 2297 studia
873 2245 1005 2298 tractare
1021 2237 1147 2312 volunt,
1165 2236 1264 2314 magis
1279 2245 1356 2294 tam·

356 2355 448 2414 quam
471 2336 666 2417 exemplum,
693 2337 777 2418 quod
796 2338 915 2402 imitari
933 2340 1081 2415 debeant,
1113 2338 1252 2421 proponi
1270 2355 1355 2418 posse

355 2438 586 2514 existimamus,
612 2447 717 2501 temen
738 2440 833 2503 simul
856 2462 909 2502 eos
928 2458 1143 2518 moneremus,
1175 2461 1216 2500 ne
1243 2449 1354 2500 temere

246 2553 250 2562 '
354 2543 435 2603 tenti
462 2539 522 2605 viri
548 2542 766 2604 auctoritatem
795 2547 917 2625 sequuti
943 2547 978 2605 in
1007 2561 1060 2606 eos
1088 2563 1220 2624 errores
1236 2542 1355 2608 incide·

354 2652 443 2722 rent,
483 2645 523 2706 ed
546 2665 621 2726 quos
642 2644 787 2707 vitandos
815 2645 918 2724 idern,
951 2649 979 2708 si
1014 2648 1083 2730 quis
1113 2666 1184 2708 eum
1213 2655 1296 2706 recte
1327 2653 1355 2703 et

356 2765 429 2807 eum
459 2748 542 2828 juste
567 2747 712 2810 libertate
736 2747 848 2834 judicii
874 2749 1029 2828 imitetur,
1070 2747 1208 2831 optimus
1235 2767 1300 2809 esse
1326 2754 1353 2816 et

357 2849 546 2912 certissimus
568 2849 633 2913 dux
654 2853 838 2934 reperiatur
