2986 4980
353 456 404 538 :tc

356 641 386 714 sl
409 617 477 750 per
496 635 566 716 alia
585 633 729 736 negotia
751 631 819 706 tibi
844 659 919 711 noa
944 633 1030 710 licet
1055 631 1153 710 nune
1176 635 1234 708 his
1258 629 1351 714 curis
1469 720 1470 746 ᾖ

355 801 498 868 vacare,
522 793 558 848 et
580 798 672 873 quae
694 770 783 850 olim
808 769 1006 868 promisisti
1021 769 1235 844 Callimachi
1251 769 1354 869 Frag-

356 933 476 992 menta
497 889 718 1010 componere
746 925 783 978 et
811 905 1014 1006 perpolire,
1053 905 1110 978 lac
1133 931 1267 1006 quaeso
1292 931 1354 980 nos
1470 973 1471 988 ι

357 1047 466 1147 hujus
499 1067 581 1119 tuae
613 1041 808 1118 voluntatis
844 1040 1037 1130 certiores,
1080 1041 1245 1144 quamvis
1276 1040 1357 1116 setis

305 1201 307 1207 '
358 1203 497 1258 mature
519 1178 626 1255 nohis
647 1174 834 1251 tradentur
855 1197 939 1252 tuae
959 1175 1092 1273 scidae,
1115 1176 1249 1291 sipost
1268 1174 1357 1253 duos

358 1340 473 1392 tresve
503 1339 643 1390 menses
675 1310 724 1388 ad
757 1337 824 1386 nos
861 1311 1099 1412 pervenerint.
1178 1309 1359 1386 Gerhardi

359 1450 486 1528 Vossii
499 1447 622 1550 Opera
637 1447 758 1524 omnia
772 1446 923 1547 junctim
939 1447 1000 1521 edi
1014 1447 1104 1521 olim
1122 1444 1234 1522 credo
1255 1445 1361 1545 signi-

360 1585 474 1660 ficavi
551 1583 653 1659 Inter
695 1567 760 1656 illa
803 1603 909 1658 erunt
948 1582 1126 1682 quaedam
1157 1553 1361 1668 ἆνὲκδοτα.

361 1716 653 1823 Etymologicum
676 1723 748 1816 jam
770 1715 910 1814 prodiit
923 1743 1007 1790 cum
1026 1717 1289 1791 accessionibus
1310 1716 1364 1786 lu·

361 1853 515 1930 calentis
536 1851 605 1929 filii
622 1853 735 1936 Isaaci
749 1852 882 1930 Vossii·
928 1851 1047 1928 Biblia
1069 1878 1217 1953 quoque
1231 1851 1362 1925 Critica

363 2013 480 2071 vestra
506 1987 749 2083 recuduntur,
767 1999 770 2006 '
785 2013 896 2087 quae,
929 2010 972 2062 ut
990 1986 1109 2083 aiunt,
1140 1987 1363 2062 ornabuntur

363 2123 553 2208 nonnullis
585 2121 731 2196 ineditis
765 2121 936 2196 Andreae
963 2122 1073 2196 Masii
1104 2123 1145 2212 in
1176 2121 1365 2196 Pentateu-

365 2255 496 2352 chum,
531 2277 567 2332 et
589 2256 720 2338 Sixtiui
744 2257 916 2330 Amamae
942 2277 979 2330 et
1002 2246 1151 2332 Joinais
1174 2256 1303 2333 Drusii
1327 2249 1364 2329 in

364 2385 481 2478 varios
505 2417 626 2466 sacros
652 2390 817 2468 Codices.
868 2390 987 2466 Julius
1010 2389 1247 2468 Caesareum
1271 2392 1366 2466 notis

303 2540 350 2609 45
365 2528 543 2630 possumis
579 2526 764 2628 Dionysii·
781 2527 904 2618 Vossii
935 2527 1036 2602 brevi
1067 2529 1189 2602 lucem
1218 2525 1366 2603 videbit.

365 2665 401 2758 A
433 2663 535 2757 vobis
569 2637 801 2762 expectamus
827 2631 1134 2762 Xenophontem,
1173 2661 1368 2759 Thucydi-

366 2801 463 2899 dem,
493 2797 706 2890 Pindarum.
762 2795 836 2871 Sed
860 2797 955 2888 nihil
978 2797 1090 2898 magis
1115 2797 1246 2874 rescire
1272 2815 1368 2894 aveo,

367 2963 475 3037 quarn
502 2934 594 3034 quid
621 2956 683 3035 tu,
718 2933 772 3010 vir
797 2931 942 3031 eximie,
977 2959 1098 3006 rerum
1117 2957 1234 3033 geras,
1279 2930 1370 3034 quid

367 3070 538 3151 moliaris.
582 3069 695 3144 Nihil
721 3068 828 3142 nohis
858 3067 911 3174 de
927 3089 981 3164 te,
1012 3067 1084 3142 n'isi
1108 3068 1267 3148 numeris
1292 3095 1371 3142 orn·

309 3271 314 3278 ,
368 3205 475 3284 nihus
503 3203 707 3294 ahsolutum
732 3187 987 3300 promittimus.
1046 3203 1158 3299 Vale,
1197 3203 1251 3280 vir
1276 3205 1371 3278 cele·

368 3337 545 3433 herrime,
581 3359 617 3412 et
643 3363 701 3414 me
726 3363 816 3408 ama.
877 3319 1036 3438 Trajecti
1059 3321 1236 3412 Kalendis
1260 3327 1392 3413 Octo·

366 3458 462 3568 bris,
493 3471 775 3547 GIOIOCXCV.

445 3607 732 3700 Monumenttnn
742 3609 975 3710 Ancyran‘um
996 3595 1316 3710 aliquotrersilius
1340 3630 1375 3684 et

371 3741 511 3837 lacunis
533 3742 719 3836 nonnullis
751 3745 926 3844 suppletis
954 3745 1142 3840 auctum,
1163 3770 1205 3817 ex
1229 3744 1374 3818 schedis

372 3877 538 3972 Danielis
561 3855 793 3974 Cossonii,'
783 3881 923 3978 luvenis
948 3880 1089 3974 Batavi,
1126 3906 1191 4002 qut
1179 3877 1277 3952 diu
1304 3881 1375 3980 egit

373 3983 560 4108 Smyrnae,
585 3991 783 4130 publicavit
802 3991 959 4090 lacobus
974 3991 1196 4089 Gronovius
1249 4014 1374 4090 Proela

374 4144 475 4220 brevi
488 4146 631 4221 subibit
651 4148 838 4228 Phaedrus
860 4179 945 4224 cum
967 4126 1143 4250 postumis
1165 4131 1379 4252 Marquardi
