2918 5008
315 341 360 412 72

315 515 423 586 omnis
440 514 499 583 ille
517 515 554 577 in
575 513 685 578 eodire
705 511 924 578 comunem·
948 515 1090 593 viderat,
1125 517 1213 580 nilril
1237 519 1332 580 illino

316 619 473 698 expiscati
491 618 604 698 potuit.
646 616 696 680 Ex
709 617 763 680 liis
782 627 890 682 nmen
909 619 1116 700 vestigiisne
1137 641 1249 682 veram
1269 625 1332 686 tibi

315 721 486 785 lectionem
506 721 655 784 testimo:
835 761 843 788 χ

363 842 502 925 Cumque
529 861 629 922 vagao
656 840 764 902 nouae
790 837 1333 904 umbriesuulumimcondm.

682 989 687 1004 .
800 961 840 1023 Et

365 1083 449 1144 rum
470 1081 613 1166 conserta
631 1081 706 1143 licet
727 1081 806 1142 eoels‘
817 1083 983 1168 fulgentia
1005 1083 1121 1164 templa

366 1185 498 1248 Cernere
518 1183 689 1246 luminibus
707 1185 810 1245 demis
831 1199 989 1270 totumque
1009 1191 1126 1246 nsioors

367 1305 393 1348 ι.
415 1289 574 1370 Stipatum
593 1281 701 1347 stellis
714 1289 883 1367 mundum,
912 1312 970 1351 me
991 1289 1098 1349 cedere
1117 1297 1245 1350 summa

363 1409 393 1454 2.
416 1391 560 1458 Moribus
581 1403 639 1452 aut
658 1395 761 1453 siccos
782 1413 914 1453 curvum
928 1415 988 1475 per
1007 1393 1097 1452 littus
1115 1415 1244 1460 ατοηαε.

404 1511 506 1592 Atque
537 1533 578 1574 ex
607 1511 668 1574 hoc
697 1515 869 1596 specimine
906 1525 939 1574 tu
973 1516 1137 1596 conjicito,
1175 1493 1329 1594 guantum

321 1616 576 1678 emendationum
604 1619 640 1678 in
672 1627 737 1680 toto
765 1619 847 1678 libro
878 1618 1020 1703 proferre
1047 1619 1171 1698 possim.
1215 1617 1254 1676 ln
1275 1619 1331 1676 illa

319 1720 428 1798 utique
447 1719 569 1800 pagella
595 1721 665 1800 plus
693 1721 821 1800 triginta
850 1721 946 1780 dubo:
983 1731 1033 1796 ut,
1070 1720 1258 1800 praefiscine
1279 1721 1330 1780 di-

318 1822 438 1899 xerim,
475 1821 501 1881 si
525 1825 650 1902 quando
677 1825 775 1883 otium
805 1810 915 1883 nectus
942 1823 1112 1884 editionem
1133 1845 1235 1884 meam
1255 1844 1331 1904 pro-

321 1945 431 1984 curare
456 1945 599 2006 possum,
651 1925 714 2006 jam
744 1935 809 1988 tum
839 1929 976 2008 primum
1004 1927 1040 1988 in
1069 1927 1171 1986 lucem
1200 1927 1330 2006 prodire

320 2037 413 2112 poete
427 2027 490 2104 ‚ine
512 2027 583 2110 jure
603 2028 709 2090 videri
730 2030 842 2114 possit.

409 2147 502 2220 Quod
523 2148 563 2206 ed
586 2149 781 2228 quaestiones
803 2159 871 2208 tuas
893 2149 1029 2224 adtinet,
1064 2148 1111 2209 sio
1131 2169 1234 2209 meam
1255 2169 1329 2210 sen-

320 2246 452 2332 tentium
473 2250 582 2328 prucis
602 2249 724 2310 hebeto.
774 2251 811 2312 ln
833 2253 958 2314 Aeliani
977 2253 1048 2312 loco
1070 2250 1121 2332 (V.
1145 2249 1182 2308 ll.
1204 2250 1239 2311 ll.
1264 2250 1327 2332 32.)

316 2343 455 2416 Ἀλκαῖον
481 2354 585 2432 potius
612 2353 757 2434 legerim,
792 2375 885 2436 quem
906 2351 1067 2438 Ἀλκείδην.
1117 2352 1220 2424 Quum
1241 2356 1328 2416 enim

321 2473 404 2528 non,
437 2464 473 2534 ut
494 2456 585 2536 elias,
620 2457 742 2542 judicio
765 2467 796 2518 et
814 2458 952 2533 ratione,
982 2457 1037 2516 sed
1057 2456 1124 2516 solu
1143 2458 1327 2518 auctoritate

172 2613 175 2630 ,
204 2647 208 2656 .
277 2573 283 2583 “
322 2556 499 2620 dirimende
521 2560 561 2620 sit
580 2560 657 2620 liaeo
680 2561 909 2638 controversia,
937 2559 1064 2620 stultum
1084 2560 1196 2634 fuerit,
1222 2562 1328 2640 pluri-

321 2657 380 2720 bus
401 2669 433 2720 et
453 2663 673 2724 vetustioribus
694 2664 821 2724 testibus
841 2663 935 2723 fidem'
957 2663 1100 2739 demere,
1125 2663 1326 2742 paucioribus

323 2771 354 2822 et
382 2766 608 2826 recentioribus
636 2765 758 2827 habere.
805 2766 933 2840 Quaeris
955 2767 1084 2844 insuper
1106 2767 1326 2827 denotatione

321 2867 486 2928 nominum
505 2868 606 2929 Sileni
628 2879 659 2930 et
678 2868 790 2950 Satyri.
847 2868 923 2929 Siue
946 2868 1040 2930 dubio
1060 2870 1183 2943 vidisti,
1215 2865 1327 2948 quida*

321 2961 404 3036 πάνυ
432 2968 618 3050 Bochartus,
660 2975 712 3052 qui
743 2971 885 3032 omnium
915 2971 1091 3034 felicissime
1112 2971 1168 3034 lms
1192 2974 1326 3053 origines

321 3075 450 3136 rimatus
481 3085 542 3152 est,
583 3077 622 3136 de
649 3075 699 3137 liis
726 3074 828 3136 verbis
855 3075 1029 3154 prodiderit
1056 3076 1091 3134 in
1118 3095 1173 3134 suo
1204 3075 1334 3162 Phaleg„
1374 3109 1377 3113 -

321 3177 377 3236 ubi
398 3179 485 3256 prius
507 3200 525 3238 e
547 3171 633 3240 ulan
645 3179 786 3254 deducit,
807 3179 960 3258 posterius
981 3199 999 3236 a
1019 3181 1118 3253 seon,
1138 3179 1326 3258 ingeniosius

322 3288 445 3354 tumen,
477 3282 513 3339 ni
540 3281 650 3356 fallor,
690 3303 780 3360 quam
806 3282 926 3354 verius;
972 3276 1184 3360 nt'pleraque
1213 3283 1326 3356 omnia,

323 3401 401 3462 quae
430 3365 465 3440 in
493 3382 548 3442 illo
580 3365 779 3446 admirandae
808 3383 992 3444 eruditionis
1021 3403 1115 3464 opere
1141 3386 1327 3466 exsequitur,

324 3485 475 3566 exceptis,
515 3505 593 3565 quae
622 3488 786 3550 manifeste
813 3497 844 3546 et
870 3494 936 3546 toto
959 3486 1064 3557 colore
1083 3507 1168 3546 suam
1191 3487 1329 3567 produnt

215 3587 216 3590 ’
323 3591 485 3670 originem.
535 3589 643 3667 Certo,
682 3593 707 3649 si
728 3586 761 3652 in
782 3590 848 3648 ullu
870 3587 1052 3652 eruditionis
1073 3598 1176 3668 parte,
1214 3591 1250 3650 in
1271 3581 1327 3648 heo

321 3691 490 3776 ppsecipue
518 3691 577 3756 τῶν
605 3690 808 3776 ἐτυμολογιῶν
838 3711 916 3772 opus
945 3692 1116 3750 estsolido
1145 3701 1177 3750 et
1203 3695 1328 3753 subacto

323 3794 458 3875 judicio:
480 3815 540 3874 quo
562 3796 614 3878 qui
635 3795 862 3868 destituuntur,
884 3795 1060 3874 turpissime
1082 3814 1114 3852 se
1134 3794 1210 3853 dare
1228 3796 1328 3854 solent

325 3906 357 3956 et
388 3897 573 3958 deridendos
605 3898 781 3980 propinare.
824 3897 869 3958 Eu
891 3886 972 3958 enim
997 3906 1042 3955 ost
1065 3897 1187 3956 indoles
1208 3899 1327 3978 lingua-

323 4019 391 4062 rum
413 3999 634 4074 Orientalium,
657 4013 691 4060 nt
713 4005 735 4060 si
759 4005 832 4080 (pro
856 4021 942 4062 moro
964 4001 1144 4072 homiuum,
1163 4001 1216 4078 qui
1240 4000 1273 4058 in
1294 4020 1345 4084 ou¹

324 4121 358 4162 re
373 4101 468 4162 hodie
483 4103 618 4168 lerneam
635 4105 802 4182 quesierunt)
826 4103 980 4164 vocalium
1004 4102 1092 4162 nullo
1114 4105 1195 4162 ratio
1216 4103 1348 4162 habea-⁴
