<?xml version="1.0" encoding="UTF-8"?>
<!DOCTYPE html PUBLIC "-//W3C//DTD XHTML 1.0 Transitional//EN"
    "http://www.w3.org/TR/xhtml1/DTD/xhtml1-transitional.dtd">
<html xmlns="http://www.w3.org/1999/xhtml" xml:lang="en" lang="en">
 <head>
  <title>
</title>
<meta http-equiv="Content-Type" content="text/html;charset=utf-8" />
  <meta name='ocr-system' content='tesseract 3.04.00' />
  <meta name='ocr-capabilities' content='ocr_page ocr_carea ocr_par ocr_line ocrx_word'/>
</head>
<body>
  <div class='ocr_page' id='page_1' title='image "./richardibentlei00hermgoog_0046.png"; bbox 0 0 2986 4980; ppageno 0'>
   <div class='ocr_carea' id='block_1_1' title="bbox 195 474 1470 1820">
    <p class='ocr_par' dir='ltr' id='par_1_1' title="bbox 195 474 1470 1820">
     <span class='ocr_line' id='line_1_1' title="bbox 371 474 423 548; baseline -0.077 2"><span class='ocrx_word' id='word_1_1' title='bbox 371 474 423 548; x_wconf 81' lang='lat'><strong>20</strong></span> 
     </span>
     <span class='ocr_line' id='line_1_2' title="bbox 359 609 1382 761; baseline -0.042 -32"><span class='ocrx_word' id='word_1_2' title='bbox 359 625 515 761; x_wconf 38' lang='lat' dir='ltr'><strong>¹p.166.</strong></span> <span class='ocrx_word' id='word_1_3' title='bbox 565 631 642 714; x_wconf 81' lang='lat' dir='ltr'><strong>Sed</strong></span> <span class='ocrx_word' id='word_1_4' title='bbox 670 631 740 708; x_wconf 88' lang='lat' dir='ltr'><strong>alia</strong></span> <span class='ocrx_word' id='word_1_5' title='bbox 763 653 840 704; x_wconf 89' lang='lat' dir='ltr'><strong>non</strong></span> <span class='ocrx_word' id='word_1_6' title='bbox 863 620 985 728; x_wconf 86' lang='lat' dir='ltr'><strong>potuit</strong></span> <span class='ocrx_word' id='word_1_7' title='bbox 1011 617 1152 698; x_wconf 82' lang='lat' dir='ltr'><strong>videre:</strong></span> <span class='ocrx_word' id='word_1_8' title='bbox 1187 609 1276 690; x_wconf 90' lang='lat' dir='ltr'><strong>inde</strong></span> <span class='ocrx_word' id='word_1_9' title='bbox 1298 611 1382 687; x_wconf 80' lang='lat' dir='ltr'><strong>sine</strong></span> 
     </span>
     <span class='ocr_line' id='line_1_3' title="bbox 195 747 1385 880; baseline -0.049 -2"><span class='ocrx_word' id='word_1_10' title='bbox 195 872 200 880; x_wconf 87' lang='lat'>.</span> <span class='ocrx_word' id='word_1_11' title='bbox 291 775 305 844; x_wconf 61' lang='lat' dir='ltr'>s</span> <span class='ocrx_word' id='word_1_12' title='bbox 375 786 454 868; x_wconf 85' lang='lat' dir='ltr'><strong>uilo</strong></span> <span class='ocrx_word' id='word_1_13' title='bbox 477 803 584 858; x_wconf 89' lang='lat' dir='ltr'><strong>sensu</strong></span> <span class='ocrx_word' id='word_1_14' title='bbox 605 769 729 847; x_wconf 87' lang='lat' dir='ltr'><strong>laudat</strong></span> <span class='ocrx_word' id='word_1_15' title='bbox 749 769 948 868; x_wconf 84' lang='grc' dir='ltr'><strong><em>κεραστοῖ.</em></strong></span> <span class='ocrx_word' id='word_1_16' title='bbox 1000 753 1087 832; x_wconf 87' lang='lat' dir='ltr'><strong>Non</strong></span> <span class='ocrx_word' id='word_1_17' title='bbox 1105 749 1289 828; x_wconf 82' lang='lat' dir='ltr'><strong>infelicior</strong></span> <span class='ocrx_word' id='word_1_18' title='bbox 1306 747 1385 826; x_wconf 77' lang='lat' dir='ltr'><strong>tuit</strong></span> 
     </span>
     <span class='ocr_line' id='line_1_4' title="bbox 377 887 1470 1020; baseline -0.048 -16"><span class='ocrx_word' id='word_1_19' title='bbox 377 954 439 1006; x_wconf 89' lang='lat' dir='ltr'><strong>tua</strong></span> <span class='ocrx_word' id='word_1_20' title='bbox 461 914 629 1020; x_wconf 78' lang='lat' dir='ltr'><strong>sagacitas</strong></span> <span class='ocrx_word' id='word_1_21' title='bbox 650 909 690 980; x_wconf 88' lang='lat' dir='ltr'><strong>in</strong></span> <span class='ocrx_word' id='word_1_22' title='bbox 710 898 987 979; x_wconf 89' lang='lat' dir='ltr'><strong>mendosissimo</strong></span> <span class='ocrx_word' id='word_1_23' title='bbox 1001 915 1037 968; x_wconf 85' lang='lat' dir='ltr'><strong>et</strong></span> <span class='ocrx_word' id='word_1_24' title='bbox 1052 887 1307 968; x_wconf 84' lang='lat' dir='ltr'><strong>obscurissimo</strong></span> <span class='ocrx_word' id='word_1_25' title='bbox 1320 909 1384 961; x_wconf 82' lang='lat' dir='ltr'><strong>ve-</strong></span> <span class='ocrx_word' id='word_1_26' title='bbox 1469 981 1470 984; x_wconf 7' lang='grc' dir='ltr'><strong>Ἴ</strong></span> 
     </span>
     <span class='ocr_line' id='line_1_5' title="bbox 318 1019 1384 1154; baseline -0.052 -8"><span class='ocrx_word' id='word_1_27' title='bbox 318 1080 365 1154; x_wconf 74' lang='lat'><strong>25</strong></span> <span class='ocrx_word' id='word_1_28' title='bbox 380 1089 454 1144; x_wconf 84' lang='lat' dir='ltr'><strong>tere</strong></span> <span class='ocrx_word' id='word_1_29' title='bbox 484 1053 593 1132; x_wconf 88' lang='lat' dir='ltr'><strong>titulo</strong></span> <span class='ocrx_word' id='word_1_30' title='bbox 628 1041 727 1146; x_wconf 92' lang='lat' dir='ltr'><strong>apud</strong></span> <span class='ocrx_word' id='word_1_31' title='bbox 753 1039 952 1114; x_wconf 82' lang='lat' dir='ltr'>Gruterum</span> <span class='ocrx_word' id='word_1_32' title='bbox 976 1024 1199 1104; x_wconf 89' lang='lat' dir='ltr'><strong>emendando</strong></span> <span class='ocrx_word' id='word_1_33' title='bbox 1228 1041 1266 1098; x_wconf 92' lang='lat' dir='ltr'><strong>et</strong></span> <span class='ocrx_word' id='word_1_34' title='bbox 1295 1019 1384 1094; x_wconf 90' lang='lat' dir='ltr'><strong>illu·</strong></span> 
     </span>
     <span class='ocr_line' id='line_1_6' title="bbox 380 1157 1385 1280; baseline -0.051 -2"><span class='ocrx_word' id='word_1_35' title='bbox 380 1191 538 1278; x_wconf 78' lang='lat' dir='ltr'><strong>strando.</strong></span> <span class='ocrx_word' id='word_1_36' title='bbox 582 1164 689 1257; x_wconf 84' lang='lat' dir='ltr'><strong>Nihil</strong></span> <span class='ocrx_word' id='word_1_37' title='bbox 711 1195 828 1280; x_wconf 90' lang='lat' dir='ltr'><strong>potest</strong></span> <span class='ocrx_word' id='word_1_38' title='bbox 848 1169 937 1270; x_wconf 86' lang='lat' dir='ltr'><strong>fingi</strong></span> <span class='ocrx_word' id='word_1_39' title='bbox 954 1193 1039 1244; x_wconf 85' lang='lat' dir='ltr'><strong>vero</strong></span> <span class='ocrx_word' id='word_1_40' title='bbox 1058 1162 1225 1244; x_wconf 81' lang='lat' dir='ltr'><strong>similius.</strong></span> <span class='ocrx_word' id='word_1_41' title='bbox 1272 1157 1385 1233; x_wconf 85' lang='lat' dir='ltr'><strong>Plau·</strong></span> 
     </span>
     <span class='ocr_line' id='line_1_7' title="bbox 382 1293 1385 1410; baseline -0.047 1"><span class='ocrx_word' id='word_1_42' title='bbox 382 1331 552 1410; x_wconf 82' lang='lat' dir='ltr'><strong>dentibus</strong></span> <span class='ocrx_word' id='word_1_43' title='bbox 575 1341 661 1397; x_wconf 87' lang='lat' dir='ltr'><strong>vero</strong></span> <span class='ocrx_word' id='word_1_44' title='bbox 689 1309 807 1388; x_wconf 83' lang='lat' dir='ltr'><strong>Musis</strong></span> <span class='ocrx_word' id='word_1_45' title='bbox 831 1327 867 1382; x_wconf 82' lang='lat' dir='ltr'><strong>et</strong></span> <span class='ocrx_word' id='word_1_46' title='bbox 891 1302 1024 1379; x_wconf 85' lang='lat' dir='ltr'><strong>Gratiis</strong></span> <span class='ocrx_word' id='word_1_47' title='bbox 1049 1299 1090 1373; x_wconf 87' lang='lat' dir='ltr'><strong>in</strong></span> <span class='ocrx_word' id='word_1_48' title='bbox 1114 1295 1265 1400; x_wconf 84' lang='lat' dir='ltr'><strong>epistola</strong></span> <span class='ocrx_word' id='word_1_49' title='bbox 1286 1293 1385 1369; x_wconf 91' lang='lat' dir='ltr'><strong>Lao·</strong></span> 
     </span>
     <span class='ocr_line' id='line_1_8' title="bbox 303 1419 1386 1548; baseline -0.059 4"><span class='ocrx_word' id='word_1_50' title='bbox 303 1455 306 1458; x_wconf 21' lang='grc' dir='ltr'>Ι</span> <span class='ocrx_word' id='word_1_51' title='bbox 380 1463 522 1548; x_wconf 77' lang='lat' dir='ltr'><strong>&#39;daniae</strong></span> <span class='ocrx_word' id='word_1_52' title='bbox 543 1451 700 1537; x_wconf 85' lang='lat' dir='ltr'><strong>Nasonis</strong></span> <span class='ocrx_word' id='word_1_53' title='bbox 721 1449 845 1522; x_wconf 90' lang='lat' dir='ltr'><strong>locum</strong></span> <span class='ocrx_word' id='word_1_54' title='bbox 868 1463 1041 1539; x_wconf 79' lang='lat' dir='ltr'><strong>tanquam</strong></span> <span class='ocrx_word' id='word_1_55' title='bbox 1066 1431 1292 1537; x_wconf 60' lang='grc' dir='ltr'><strong><em>Χειρώνειον</em></strong></span> <span class='ocrx_word' id='word_1_56' title='bbox 1313 1419 1386 1507; x_wconf 70' lang='grc' dir='ltr'><em>ἕλ’..</em></span> 
     </span>
     <span class='ocr_line' id='line_1_9' title="bbox 385 1565 1391 1694; baseline -0.052 -14"><span class='ocrx_word' id='word_1_57' title='bbox 385 1634 456 1694; x_wconf 78' lang='grc' dir='ltr'><strong>κος</strong></span> <span class='ocrx_word' id='word_1_58' title='bbox 480 1600 532 1674; x_wconf 89' lang='lat' dir='ltr'><strong>sie</strong></span> <span class='ocrx_word' id='word_1_59' title='bbox 555 1587 702 1680; x_wconf 83' lang='lat' dir='ltr'><strong>sanasti,</strong></span> <span class='ocrx_word' id='word_1_60' title='bbox 733 1565 775 1655; x_wconf 84' lang='lat' dir='ltr'><strong>ut</strong></span> <span class='ocrx_word' id='word_1_61' title='bbox 796 1605 863 1654; x_wconf 92' lang='lat' dir='ltr'><strong>nec</strong></span> <span class='ocrx_word' id='word_1_62' title='bbox 883 1574 1024 1679; x_wconf 87' lang='lat' dir='ltr'><strong>Pyrrho</strong></span> <span class='ocrx_word' id='word_1_63' title='bbox 1044 1570 1090 1645; x_wconf 89' lang='lat' dir='ltr'><strong>de</strong></span> <span class='ocrx_word' id='word_1_64' title='bbox 1112 1569 1182 1644; x_wconf 85' lang='lat' dir='ltr'><strong>hac</strong></span> <span class='ocrx_word' id='word_1_65' title='bbox 1203 1565 1391 1645; x_wconf 70' lang='lat' dir='ltr'><strong>verissima</strong></span> 
     </span>
     <span class='ocr_line' id='line_1_10' title="bbox 386 1701 1391 1820; baseline -0.05 1"><span class='ocrx_word' id='word_1_66' title='bbox 386 1732 609 1820; x_wconf 82' lang='lat' dir='ltr'><strong>restitutione</strong></span> <span class='ocrx_word' id='word_1_67' title='bbox 632 1720 797 1796; x_wconf 83' lang='lat' dir='ltr'><strong>dubitare</strong></span> <span class='ocrx_word' id='word_1_68' title='bbox 818 1711 943 1816; x_wconf 87' lang='lat' dir='ltr'><strong>possit.</strong></span> <span class='ocrx_word' id='word_1_69' title='bbox 995 1708 1096 1783; x_wconf 89' lang='lat' dir='ltr'><strong>Haec</strong></span> <span class='ocrx_word' id='word_1_70' title='bbox 1118 1703 1239 1781; x_wconf 85' lang='lat' dir='ltr'><strong>omnia</strong></span> <span class='ocrx_word' id='word_1_71' title='bbox 1263 1701 1391 1776; x_wconf 85' lang='lat' dir='ltr'><strong>incre-</strong></span> 
     </span>
    </p>
   </div>
   <div class='ocr_carea' id='block_1_2' title="bbox 213 1837 1404 3148">
    <p class='ocr_par' dir='ltr' id='par_1_2' title="bbox 389 1837 1391 1952">
     <span class='ocr_line' id='line_1_11' title="bbox 389 1837 1391 1952; baseline -0.041 1"><span class='ocrx_word' id='word_1_72' title='bbox 389 1875 503 1952; x_wconf 84' lang='lat' dir='ltr'><strong>dibile</strong></span> <span class='ocrx_word' id='word_1_73' title='bbox 527 1857 746 1940; x_wconf 85' lang='lat' dir='ltr'><strong>desiderium</strong></span> <span class='ocrx_word' id='word_1_74' title='bbox 765 1837 919 1926; x_wconf 84' lang='lat' dir='ltr'><strong>excitant</strong></span> <span class='ocrx_word' id='word_1_75' title='bbox 939 1867 1018 1921; x_wconf 87' lang='lat' dir='ltr'><strong>tuas</strong></span> <span class='ocrx_word' id='word_1_76' title='bbox 1040 1843 1081 1920; x_wconf 86' lang='lat' dir='ltr'><strong>in</strong></span> <span class='ocrx_word' id='word_1_77' title='bbox 1102 1865 1209 1917; x_wconf 90' lang='lat' dir='ltr'><strong>omne</strong></span> <span class='ocrx_word' id='word_1_78' title='bbox 1227 1837 1391 1940; x_wconf 84' lang='lat' dir='ltr'><strong>scripto—</strong></span> 
     </span>
    </p>

    <p class='ocr_par' dir='ltr' id='par_1_3' title="bbox 390 1973 1392 2105">
     <span class='ocr_line' id='line_1_12' title="bbox 390 1973 1392 2105; baseline -0.045 -16"><span class='ocrx_word' id='word_1_79' title='bbox 390 2039 472 2089; x_wconf 85' lang='lat' dir='ltr'><strong>rum</strong></span> <span class='ocrx_word' id='word_1_80' title='bbox 493 2024 603 2105; x_wconf 83' lang='lat' dir='ltr'><strong>genus</strong></span> <span class='ocrx_word' id='word_1_81' title='bbox 624 1988 889 2072; x_wconf 83' lang='lat' dir='ltr'><strong>observationes</strong></span> <span class='ocrx_word' id='word_1_82' title='bbox 910 1979 1064 2082; x_wconf 84' lang='lat' dir='ltr'><strong>legendi.</strong></span> <span class='ocrx_word' id='word_1_83' title='bbox 1109 1975 1206 2052; x_wconf 87' lang='lat' dir='ltr'><strong>Nam</strong></span> <span class='ocrx_word' id='word_1_84' title='bbox 1221 1973 1392 2048; x_wconf 86' lang='lat' dir='ltr'><strong>anullius</strong></span> 
     </span>
    </p>

    <p class='ocr_par' dir='ltr' id='par_1_4' title="bbox 390 2107 1394 2245">
     <span class='ocr_line' id='line_1_13' title="bbox 390 2107 1394 2245; baseline -0.038 -27"><span class='ocrx_word' id='word_1_85' title='bbox 390 2139 556 2245; x_wconf 82' lang='lat' dir='ltr'><strong>ingenio,</strong></span> <span class='ocrx_word' id='word_1_86' title='bbox 590 2152 631 2231; x_wconf 79' lang='lat' dir='ltr'><strong>ut</strong></span> <span class='ocrx_word' id='word_1_87' title='bbox 653 2127 752 2201; x_wconf 88' lang='lat' dir='ltr'><strong>nunc</strong></span> <span class='ocrx_word' id='word_1_88' title='bbox 775 2143 845 2216; x_wconf 88' lang='lat' dir='ltr'><strong>est,</strong></span> <span class='ocrx_word' id='word_1_89' title='bbox 878 2120 984 2220; x_wconf 80' lang='lat' dir='ltr'><strong>plura</strong></span> <span class='ocrx_word' id='word_1_90' title='bbox 1012 2137 1048 2190; x_wconf 91' lang='lat' dir='ltr'><strong>et</strong></span> <span class='ocrx_word' id='word_1_91' title='bbox 1073 2109 1184 2212; x_wconf 83' lang='lat' dir='ltr'><strong>magis</strong></span> <span class='ocrx_word' id='word_1_92' title='bbox 1206 2107 1394 2189; x_wconf 82' lang='lat' dir='ltr'><strong>recondita</strong></span> 
     </span>
    </p>

    <p class='ocr_par' dir='ltr' id='par_1_5' title="bbox 394 2245 1393 2365">
     <span class='ocr_line' id='line_1_14' title="bbox 394 2245 1393 2365; baseline -0.039 -8"><span class='ocrx_word' id='word_1_93' title='bbox 394 2283 433 2357; x_wconf 86' lang='lat' dir='ltr'><strong>in</strong></span> <span class='ocrx_word' id='word_1_94' title='bbox 462 2277 536 2352; x_wconf 89' lang='lat' dir='ltr'><strong>hoc</strong></span> <span class='ocrx_word' id='word_1_95' title='bbox 568 2259 843 2365; x_wconf 79' lang='grc' dir='ltr'><strong><em>πολυμαθείας</em></strong></span> <span class='ocrx_word' id='word_1_96' title='bbox 874 2251 991 2329; x_wconf 86' lang='lat' dir='ltr'><strong>stadio</strong></span> <span class='ocrx_word' id='word_1_97' title='bbox 1023 2249 1128 2325; x_wconf 89' lang='lat' dir='ltr'><strong>nobis</strong></span> <span class='ocrx_word' id='word_1_98' title='bbox 1159 2245 1393 2348; x_wconf 87' lang='lat' dir='ltr'><strong>spondemus.</strong></span> 
     </span>
    </p>

    <p class='ocr_par' dir='ltr' id='par_1_6' title="bbox 315 2381 1398 2628">
     <span class='ocr_line' id='line_1_15' title="bbox 395 2381 1398 2517; baseline -0.033 -29"><span class='ocrx_word' id='word_1_99' title='bbox 395 2411 511 2517; x_wconf 81' lang='lat' dir='ltr'><strong>Apud</strong></span> <span class='ocrx_word' id='word_1_100' title='bbox 536 2401 711 2482; x_wconf 84' lang='lat' dir='ltr'><strong>Ovidium</strong></span> <span class='ocrx_word' id='word_1_101' title='bbox 733 2398 772 2470; x_wconf 90' lang='lat' dir='ltr'><strong>in</strong></span> <span class='ocrx_word' id='word_1_102' title='bbox 793 2391 862 2469; x_wconf 83' lang='lat'><em>111.</em></span> <span class='ocrx_word' id='word_1_103' title='bbox 884 2387 1062 2466; x_wconf 74' lang='lat' dir='ltr'><strong>Amorum</strong></span> <span class='ocrx_word' id='word_1_104' title='bbox 1083 2385 1180 2484; x_wconf 82' lang='lat' dir='ltr'><strong>Eleg.</strong></span> <span class='ocrx_word' id='word_1_105' title='bbox 1200 2409 1236 2482; x_wconf 87' lang='lat'><strong>9,</strong></span> <span class='ocrx_word' id='word_1_106' title='bbox 1256 2381 1297 2457; x_wconf 88' lang='lat' dir='ltr'><strong>in</strong></span> <span class='ocrx_word' id='word_1_107' title='bbox 1318 2410 1398 2458; x_wconf 90' lang='lat' dir='ltr'><strong>om·</strong></span> 
     </span>
     <span class='ocr_line' id='line_1_16' title="bbox 315 2520 1140 2628; baseline -0.041 2"><span class='ocrx_word' id='word_1_108' title='bbox 315 2611 321 2618; x_wconf 84' lang='lat'><em>-</em></span> <span class='ocrx_word' id='word_1_109' title='bbox 397 2525 506 2628; x_wconf 89' lang='lat' dir='ltr'><strong>nibus</strong></span> <span class='ocrx_word' id='word_1_110' title='bbox 533 2545 608 2618; x_wconf 84' lang='lat' dir='ltr'><strong>fere</strong></span> <span class='ocrx_word' id='word_1_111' title='bbox 638 2559 719 2611; x_wconf 85' lang='lat' dir='ltr'><strong>ante</strong></span> <span class='ocrx_word' id='word_1_112' title='bbox 739 2528 973 2606; x_wconf 87' lang='lat' dir='ltr'><strong>Heinsianam</strong></span> <span class='ocrx_word' id='word_1_113' title='bbox 993 2520 1140 2623; x_wconf 83' lang='lat' dir='ltr'><strong>legitur:</strong></span> 
     </span>
    </p>

    <p class='ocr_par' dir='ltr' id='par_1_7' title="bbox 453 2703 1340 2828">
     <span class='ocr_line' id='line_1_17' title="bbox 453 2703 1340 2828; baseline -0.034 -19"><span class='ocrx_word' id='word_1_114' title='bbox 453 2734 499 2810; x_wconf 87' lang='lat' dir='ltr'><strong>Et</strong></span> <span class='ocrx_word' id='word_1_115' title='bbox 523 2703 840 2828; x_wconf 33' lang='lat' dir='ltr'><strong>Linon&#39;insylvis</strong></span> <span class='ocrx_word' id='word_1_116' title='bbox 860 2709 960 2786; x_wconf 89' lang='lat' dir='ltr'><strong>idem</strong></span> <span class='ocrx_word' id='word_1_117' title='bbox 986 2730 1088 2810; x_wconf 88' lang='lat' dir='ltr'><strong>pater</strong></span> <span class='ocrx_word' id='word_1_118' title='bbox 1113 2703 1231 2782; x_wconf 91' lang='lat' dir='ltr'><strong>edidit</strong></span> <span class='ocrx_word' id='word_1_119' title='bbox 1257 2703 1340 2780; x_wconf 87' lang='lat' dir='ltr'><strong>altis</strong></span> 
     </span>
    </p>

    <p class='ocr_par' dir='ltr' id='par_1_8' title="bbox 388 2811 1388 2976">
     <span class='ocr_line' id='line_1_18' title="bbox 388 2811 1388 2976; baseline -0.035 -33"><span class='ocrx_word' id='word_1_120' title='bbox 388 2852 393 2976; x_wconf 35' lang='grc' dir='ltr'>ἶ</span> <span class='ocrx_word' id='word_1_121' title='bbox 426 2885 430 2903; x_wconf 84' lang='grc'><strong>“</strong></span> <span class='ocrx_word' id='word_1_122' title='bbox 498 2861 649 2940; x_wconf 79' lang='lat' dir='ltr'><strong>Dicitur</strong></span> <span class='ocrx_word' id='word_1_123' title='bbox 672 2854 784 2968; x_wconf 72' lang='lat' dir='ltr'><strong>inuita</strong></span> <span class='ocrx_word' id='word_1_124' title='bbox 803 2843 1027 2924; x_wconf 86' lang='lat' dir='ltr'><strong>concinuisse</strong></span> <span class='ocrx_word' id='word_1_125' title='bbox 1048 2843 1137 2948; x_wconf 84' lang='lat' dir='ltr'><strong>lyra.</strong></span> <span class='ocrx_word' id='word_1_126' title='bbox 1270 2821 1272 2826; x_wconf 32' lang='lat'>¹</span> <span class='ocrx_word' id='word_1_127' title='bbox 1383 2811 1388 2830; x_wconf 62' lang='grc'>’</span> 
     </span>
    </p>

    <p class='ocr_par' dir='ltr' id='par_1_9' title="bbox 213 3017 1404 3148">
     <span class='ocr_line' id='line_1_19' title="bbox 213 3017 1404 3148; baseline -0.029 -17"><span class='ocrx_word' id='word_1_128' title='bbox 213 3124 214 3131; x_wconf 74' lang='grc'>,</span> <span class='ocrx_word' id='word_1_129' title='bbox 318 3074 320 3080; x_wconf 88' lang='grc'><em>·</em></span> <span class='ocrx_word' id='word_1_130' title='bbox 405 3052 554 3148; x_wconf 68' lang='lat' dir='ltr'><strong>Amicus</strong></span> <span class='ocrx_word' id='word_1_131' title='bbox 584 3063 706 3118; x_wconf 85' lang='lat' dir='ltr'><strong>noster</strong></span> <span class='ocrx_word' id='word_1_132' title='bbox 726 3038 772 3112; x_wconf 80' lang='lat' dir='ltr'><strong>in</strong></span> <span class='ocrx_word' id='word_1_133' title='bbox 795 3024 1050 3133; x_wconf 83' lang='lat' dir='ltr'><strong>interpolando</strong></span> <span class='ocrx_word' id='word_1_134' title='bbox 1076 3017 1197 3128; x_wconf 78' lang='lat' dir='ltr'><strong>priore</strong></span> <span class='ocrx_word' id='word_1_135' title='bbox 1218 3049 1323 3102; x_wconf 82' lang='lat' dir='ltr'><strong>versu</strong></span> <span class='ocrx_word' id='word_1_136' title='bbox 1341 3051 1404 3098; x_wconf 86' lang='lat' dir='ltr'><strong>au·</strong></span> 
     </span>
    </p>
   </div>
   <div class='ocr_carea' id='block_1_3' title="bbox 407 3151 1407 3408">
    <p class='ocr_par' dir='ltr' id='par_1_10' title="bbox 407 3151 1407 3408">
     <span class='ocr_line' id='line_1_20' title="bbox 408 3151 1404 3284; baseline -0.032 -21"><span class='ocrx_word' id='word_1_137' title='bbox 408 3187 550 3274; x_wconf 83' lang='lat' dir='ltr'><strong>dacius,</strong></span> <span class='ocrx_word' id='word_1_138' title='bbox 591 3191 700 3284; x_wconf 80' lang='lat' dir='ltr'><strong>q&#39;ucm</strong></span> <span class='ocrx_word' id='word_1_139' title='bbox 733 3178 809 3270; x_wconf 87' lang='lat' dir='ltr'><strong>ejus</strong></span> <span class='ocrx_word' id='word_1_140' title='bbox 833 3165 953 3270; x_wconf 87' lang='lat' dir='ltr'><strong>pudor</strong></span> <span class='ocrx_word' id='word_1_141' title='bbox 976 3151 1129 3258; x_wconf 77' lang='lat' dir='ltr'><strong>ferebat,</strong></span> <span class='ocrx_word' id='word_1_142' title='bbox 1159 3181 1314 3240; x_wconf 77' lang='lat' dir='ltr'><strong>versatus</strong></span> <span class='ocrx_word' id='word_1_143' title='bbox 1337 3181 1404 3234; x_wconf 88' lang='lat' dir='ltr'><strong>est.</strong></span> 
     </span>
     <span class='ocr_line' id='line_1_21' title="bbox 407 3293 1407 3408; baseline -0.033 -10"><span class='ocrx_word' id='word_1_144' title='bbox 407 3319 576 3398; x_wconf 85' lang='lat' dir='ltr'><strong>Aliorum</strong></span> <span class='ocrx_word' id='word_1_145' title='bbox 598 3318 826 3408; x_wconf 78' lang='lat' dir='ltr'><strong>conjecturae</strong></span> <span class='ocrx_word' id='word_1_146' title='bbox 844 3302 883 3382; x_wconf 84' lang='lat' dir='ltr'><strong>iu</strong></span> <span class='ocrx_word' id='word_1_147' title='bbox 904 3300 1003 3376; x_wconf 90' lang='lat' dir='ltr'><strong>illius</strong></span> <span class='ocrx_word' id='word_1_148' title='bbox 1023 3293 1407 3392; x_wconf 82' lang='lat' dir='ltr'><strong>Animadversionihns</strong></span> 
     </span>
    </p>
   </div>
   <div class='ocr_carea' id='block_1_4' title="bbox 396 3425 1411 3804">
    <p class='ocr_par' dir='ltr' id='par_1_11' title="bbox 396 3425 1411 3804">
     <span class='ocr_line' id='line_1_22' title="bbox 408 3425 1408 3560; baseline -0.03 -29"><span class='ocrx_word' id='word_1_149' title='bbox 408 3473 561 3560; x_wconf 81' lang='lat' dir='ltr'><strong>possunt</strong></span> <span class='ocrx_word' id='word_1_150' title='bbox 581 3444 706 3525; x_wconf 78' lang='lat' dir='ltr'><strong>videri.</strong></span> <span class='ocrx_word' id='word_1_151' title='bbox 755 3447 812 3520; x_wconf 75' lang='lat' dir='ltr'><strong>Et</strong></span> <span class='ocrx_word' id='word_1_152' title='bbox 830 3425 984 3537; x_wconf 75' lang='lat' dir='ltr'><strong>vestigiis</strong></span> <span class='ocrx_word' id='word_1_153' title='bbox 991 3457 1077 3510; x_wconf 72' lang='lat' dir='ltr'><strong>tam</strong></span> <span class='ocrx_word' id='word_1_154' title='bbox 1096 3432 1278 3508; x_wconf 82' lang='lat' dir='ltr'><strong>editorum</strong></span> <span class='ocrx_word' id='word_1_155' title='bbox 1298 3455 1408 3528; x_wconf 85' lang='lat' dir='ltr'><strong>quam</strong></span> 
     </span>
     <span class='ocr_line' id='line_1_23' title="bbox 398 3563 1411 3676; baseline -0.034 -5"><span class='ocrx_word' id='word_1_156' title='bbox 398 3619 525 3670; x_wconf 73' lang='lat' dir='ltr'><strong>manu</strong></span> <span class='ocrx_word' id='word_1_157' title='bbox 545 3577 773 3661; x_wconf 60' lang='lat' dir='ltr'><strong>exaratorum</strong></span> <span class='ocrx_word' id='word_1_158' title='bbox 793 3577 972 3652; x_wconf 80' lang='lat' dir='ltr'><strong>librorum</strong></span> <span class='ocrx_word' id='word_1_159' title='bbox 991 3597 1121 3676; x_wconf 87' lang='lat' dir='ltr'><strong>censeo</strong></span> <span class='ocrx_word' id='word_1_160' title='bbox 1142 3566 1326 3662; x_wconf 68' lang='lat' dir='ltr'><strong>Nasonem</strong></span> <span class='ocrx_word' id='word_1_161' title='bbox 1348 3563 1411 3638; x_wconf 83' lang='lat' dir='ltr'><strong>de·</strong></span> 
     </span>
     <span class='ocr_line' id='line_1_24' title="bbox 396 3721 1105 3804; baseline -0.037 1"><span class='ocrx_word' id='word_1_162' title='bbox 396 3729 560 3804; x_wconf 55' lang='lat' dir='ltr'><strong>-disscs</strong></span> <span class='ocrx_word' id='word_1_163' title='bbox 598 3783 611 3794; x_wconf 89' lang='lat'><strong>..</strong></span> <span class='ocrx_word' id='word_1_164' title='bbox 647 3755 654 3766; x_wconf 82' lang='grc'><em>·</em></span> <span class='ocrx_word' id='word_1_165' title='bbox 687 3759 692 3766; x_wconf 82' lang='lat'>-</span> <span class='ocrx_word' id='word_1_166' title='bbox 1102 3721 1105 3728; x_wconf 90' lang='lat'>&#39;</span> 
     </span>
    </p>
   </div>
   <div class='ocr_carea' id='block_1_5' title="bbox 306 3857 1453 3994">
    <p class='ocr_par' dir='ltr' id='par_1_12' title="bbox 306 3857 1453 3994">
     <span class='ocr_line' id='line_1_25' title="bbox 306 3857 1453 3994; baseline -0.003 -42"><span class='ocrx_word' id='word_1_167' title='bbox 306 3919 311 3930; x_wconf 93' lang='lat'>·</span> <span class='ocrx_word' id='word_1_168' title='bbox 491 3899 494 3904; x_wconf 76' lang='grc'>”</span> <span class='ocrx_word' id='word_1_169' title='bbox 516 3891 563 3966; x_wconf 85' lang='lat' dir='ltr'><strong>Et</strong></span> <span class='ocrx_word' id='word_1_170' title='bbox 584 3885 706 3962; x_wconf 86' lang='lat' dir='ltr'><strong>Linon</strong></span> <span class='ocrx_word' id='word_1_171' title='bbox 736 3882 777 3957; x_wconf 90' lang='lat' dir='ltr'><strong>in</strong></span> <span class='ocrx_word' id='word_1_172' title='bbox 799 3881 906 3985; x_wconf 79' lang='lat' dir='ltr'><strong>sylvis</strong></span> <span class='ocrx_word' id='word_1_173' title='bbox 932 3878 1034 3994; x_wconf 62' lang='lat' dir='ltr'><strong>idemx</strong></span> <span class='ocrx_word' id='word_1_174' title='bbox 1054 3857 1254 3983; x_wconf 73' lang='lat' dir='ltr'><strong>Patareidis</strong></span> <span class='ocrx_word' id='word_1_175' title='bbox 1275 3865 1356 3944; x_wconf 77' lang='lat' dir='ltr'><strong>altis</strong></span> <span class='ocrx_word' id='word_1_176' title='bbox 1450 3967 1453 3972; x_wconf 16' lang='lat' dir='ltr'><em>r</em></span> 
     </span>
    </p>
   </div>
   <div class='ocr_carea' id='block_1_6' title="bbox 270 4006 1315 4128">
    <p class='ocr_par' dir='ltr' id='par_1_13' title="bbox 270 4006 1315 4128">
     <span class='ocr_line' id='line_1_26' title="bbox 270 4006 1315 4128; baseline -0.042 -8"><span class='ocrx_word' id='word_1_177' title='bbox 270 4053 272 4062; x_wconf 82' lang='grc'><strong>“</strong></span> <span class='ocrx_word' id='word_1_178' title='bbox 367 4024 408 4128; x_wconf 52' lang='lat'><strong>‚⁴</strong></span> <span class='ocrx_word' id='word_1_179' title='bbox 446 4045 459 4055; x_wconf 83' lang='grc'><strong>“’</strong></span> <span class='ocrx_word' id='word_1_180' title='bbox 532 4017 717 4102; x_wconf 40' lang='lat' dir='ltr'><strong>*Dicitur</strong></span> <span class='ocrx_word' id='word_1_181' title='bbox 739 4017 851 4094; x_wconf 83' lang='lat' dir='ltr'><strong>invita</strong></span> <span class='ocrx_word' id='word_1_182' title='bbox 873 4006 1096 4094; x_wconf 88' lang='lat' dir='ltr'><strong>concinuisse</strong></span> <span class='ocrx_word' id='word_1_183' title='bbox 1118 4013 1206 4114; x_wconf 74' lang='lat' dir='ltr'><strong>lyra.</strong></span> <span class='ocrx_word' id='word_1_184' title='bbox 1312 4054 1315 4060; x_wconf 79' lang='lat'><em>,</em></span> 
     </span>
    </p>
   </div>
   <div class='ocr_carea' id='block_1_7' title="bbox 0 0 1515 4980">
    <p class='ocr_par' dir='ltr' id='par_1_14' title="bbox 0 0 1515 4980">
     <span class='ocr_line' id='line_1_27' title="bbox 0 0 1515 4980; baseline 0 0"><span class='ocrx_word' id='word_1_185' title='bbox 0 0 1515 4980; x_wconf 95' lang='lat' dir='ltr'><strong> </strong></span> 
     </span>
    </p>
   </div>
  </div>
 </body>
</html>
