2948 5006
334 345 409 431 176

329 544 433 649 ¹pacis
454 541 603 641 quidem
626 533 809 642 sequester
833 538 990 616 libenter
1012 538 1163 652 suanm,
1196 571 1340 646 pugnae

329 679 467 780 arbiter
489 675 648 752 minim.
698 675 838 750 'Nullus
859 663 1009 753 interim¹
1031 675 1168 778 video,
1185 680 1252 778 qni
1276 701 1340 764 aut

246 817 318 890 205
332 843 417 892 cum
439 835 500 890 tua
521 813 761 907 contumelia,
796 835 858 888 aut
887 840 971 888 cum
999 787 1109 892 lande
1137 811 1338 892 Burmanni

330 957 498 1054 junctum
524 949 591 1047 sit,
627 950 701 1026 sive
726 950 807 1051 quis
841 950 1063 1045 Germanus,
1095 950 1168 1026 sive
1193 949 1340 1027 Britan·

329 1113 400 1160 nus
437 1084 662 1162 Menandrea
702 1111 766 1159 sua
812 1080 956 1159 edenda
998 1084 1056 1160 illi
1101 1086 1334 1166 commiserit.

330 1217 459 1311 Quid?
494 1220 556 1294 An
567 1219 813 1318 tueristimas,
836 1218 986 1297 leviores
1000 1219 1118 1295 visum
1134 1221 1182 1295 iri
1197 1249 1334 1296 errores

327 1353 433 1454 tuos,
458 1355 489 1433 si
507 1353 655 1431 libellus
676 1357 745 1433 iste
765 1355 955 1458 Lugduni,
983 1377 1047 1432 aut
1068 1355 1333 1434 Amstelodnmi

328 1483 525 1568 ederetur?
574 1491 636 1567 An
665 1491 901 1568 eut-mannus
936 1516 981 1566 eo
1018 1491 1168 1567 nomine
1207 1493 1334 1568 cristas

327 1627 486 1722 attollet,
510 1625 613 1727 quod
634 1625 756 1702 nescio
778 1626 893 1729 quise
910 1626 1105 1702 Germania
1116 1649 1151 1704 tc
1165 1629 1206 1704 in
1218 1629 1333 1702 Grae

281 1856 284 1864 s
327 1763 380 1836 cis
405 1757 556 1866 peritior
578 1757 652 1838 sit?
701 1760 792 1862 Noli
814 1787 947 1864 quaeso
967 1787 1129 1838 exercere
1150 1763 1236 1838 odia
1256 1785 1332 1836 tam

326 1917 456 1999 magno
478 1897 546 1973 tibi
566 1917 786 1974 constatura:
815 1896 881 1972 sed
906 1923 949 1972 ex
971 1897 1067 1972 libro
1093 1897 1174 1998 ipso
1195 1896 1331 2000 potius,

326 2059 435 2132 quam
466 2058 509 2107 ex
538 2031 697 2128 editore,
742 2059 840 2134 pone
873 2031 945 2108 iras
974 2033 1032 2109 vel
1061 2058 1174 2108 sume.
1252 2033 1330 2122 Qut

325 2168 424 2241 enim
446 2168 515 2240 scis
545 2193 592 2242 an
616 2168 819 2269 Germanus
843 2165 906 2242 illc
937 2167 1032 2242 nihil
1057 2168 1253 2270 quicquam
1280 2165 1359 2270 (16Ι

323 2301 388 2376 lite
407 2323 522 2378 vestra
546 2324 624 2378 tum
648 2299 857 2380 resciverit?
916 2303 976 2379 An
1000 2331 1088 2398 casu
1114 2324 1151 2378 et
1179 2325 1327 2378 auctore

320 2438 438 2514 in'scio
470 2465 537 2540 per
565 2438 680 2512 alium
713 2437 918 2540 quempiam
949 2437 996 2514 ad
1024 2437 1225 2514 Burmanni
1251 2465 1329 2512 ma·

287 2601 390 2652 nus
410 2572 504 2650 liber
528 2569 739 2652 devenerit?
813 2573 876 2648 Me
911 2571 1013 2676 quod
1043 2574 1187 2673 attinet,
1230 2603 1326 2649 nun·

319 2733 430 2814 quam
455 2709 503 2784 ad
532 2735 615 2785 eunt
641 2707 762 2784 literas
787 2707 890 2801 misi,
929 2723 1179 2812 praeterquam
1202 2710 1325 2805 semel,

317 2869 401 2950 post
428 2867 617 2949 acceptum
655 2844 755 2920 dono
789 2843 1018 2941 Petronium,
1049 2845 1087 2922 in
1124 2847 1258 2948 quibua
1290 2846 1324 2923 si

316 2984 508 3061 verbulum
542 2980 589 3058 de
624 2978 830 3067 Menandro
869 2977 996 3075 intrat,
1044 3005 1102 3056 me
1124 2981 1192 3055 tibi
1220 3011 1323 3056 man·

317 3117 415 3218 cipio
443 3116 587 3193 habeto.
638 3115 729 3240 Sed⁸
740 3114 945 3216 suspicione
979 3116 1089 3191 semel
1114 3123 1224 3217 jacta,
1264 3118 1322 3191 in·

233 3303 237 3316 ι
275 3352 279 3378 Ι
317 3255 450 3328 clamas
469 3279 527 3327 me
557 3252 677 3330 verbis
698 3250 898 3347 atrocibus,
935 3250 1083 3349 secisse,
1125 3257 1224 3352 qood
1257 3257 1322 3326 ho·

317 3393 416 3466 mine
443 3391 650 3465 &retiam
660 3436 673 3477 ,
706 3402 743 3460 et
751 3391 979 3486 praesertim
1006 3389 1185 3484 lbeologo
1205 3415 1322 3486 pror·

314 3553 374 3599 sus
396 3528 590 3622 indigrmm
613 3525 678 3619 tit,
706 3525 784 3597 imo
812 3535 847 3596 el
876 3550 903 3596 a
933 3525 1118 3596 communi
1140 3527 1322 3598 humani-

314 3673 391 3740 tate
420 3663 591 3736 alienum⁴
665 3657 811 3734 Parcius
845 3656 951 3732 sodes
990 3657 1057 3731 ista
1090 3679 1128 3730 ct
1159 3659 1244 3735 viris
1280 3684 1321 3736 et

316 3795 524 3897 Theologis.
575 3795 627 3868 Ea
649 3795 739 3870 olim
760 3793 972 3887 didicimus,
1000 3819 1076 3868 non
1098 3791 1218 3869 adhuc
1238 3817 1318 3871 ate

231 3947 247 4011 .'
316 3929 485 4008 docendi.
537 3930 747 4024 Enimvero,
784 3928 815 4002 si
845 3927 906 4002 hic
933 3933 1005 4036 jam
1030 3955 1088 4002 me
1109 3929 1224 4002 libelli
1252 3960 1319 4030 pn·

290 4063 407 4144 ¹trem
432 4039 660 4171 ¹profiterer,
704 4060 796 4168 quid
832 4063 980 4160 amabo,
1027 4063 1319 4142 erubescendum

516 4327 521 4360 l
