2906 5010
1101 344 1162 462 n

139 563 204 628 diis
231 561 423 642 voluptatem
446 561 556 640 'capere‘
584 558 669 620 s'iuiti
733 541 855 635 odore}
891 568 926 626 ut
945 533 1143 623 solicitudine
1165 560 1226 622 412
1256 562 1259 570 ’

140 667 202 730 luc
220 664 388 745 aliquanto
415 663 545 738 liberer,
581 660 729 720 constitui
749 644 866 750 certam
886 645 1039 744 pecuniae
1061 683 1147 723 sum·

142 789 226 850 mam
248 766 328 848 (σου
348 767 475 828 straus
497 765 649 829 ruscum
670 757 930 846 estranglorum)
951 753 1043 845 quam
1062 766 1148 827 aaa
1260 783 1263 790 ⁴

141 878 259 960 paucos
287 886 386 932 annos
424 867 528 930 studio
552 876 596 948 ,et
630 867 736 928 labore
769 889 839 936 meo
855 857 1069 930 ¹collecturum
1097 891 1147 932 me

40 985 60 1012 ⁸
144 989 256 1054 spem,
278 975 337 1036 ita
355 973 526 1048 ου’]Ιοοειϊθ,ι
566 979 602 1030 ut
622 969 779 1050 duplicate
801 970 877 1031 inde
900 991 1010 1048 usura,
1047 973 1150 1052 quoad

146 1076 268 1150 vivam,
307 1076 347 1155 ed
374 1096 425 1136 me
445 1072 572 1135 rediens
593 1083 710 1134 sortem
737 1083 929 1152 compenset:
957 1057 1051 1154 vulgo
1076 1073 1150 1158 lyf-

146 1189 232 1238 rento
250 1187 372 1239 uocant.
407 1159 498 1238 *Huic
518 1197 655 1236 summae
674 1176 758 1256 quod
780 1176 894 1252 deerit,
915 1178 1008 1236 unius
1030 1179 1084 1240 vel
1103 1179 1151 1238 al-

101 1275 103 1278 *
147 1280 246 1342 terius
267 1281 392 1360 patruni
411 1261 665 1354 liberalitatem
684 1292 784 1360 spero,
813 1279 1012 1360 supplebitur.
1054 1277 1175 1341 Porro·¹
1227 1329 1229 1340 Α

148 1385 190 1446 de
211 1369 404 1445 dedicatione
428 1380 645 1462 Aristophanis
667 1382 832 1442 consilium
852 1391 951 1466 tuum,
974 1383 1153 1444 Amicorum
1256 1391 1257 1394 ’

87 1493 89 1498 ’
149 1478 262 1561 decus,
298 1485 524 1566 exquirendum
545 1505 666 1566 quoque
684 1503 749 1544 esse
776 1485 892 1563 putavi.
942 1482 1043 1547 Statui
1068 1485 1165 1548 *enim*
1279 1481 1285 1490 “

144 1569 275 1648 7ειιῖὀαηι
297 1570 337 1647 ex
358 1587 541 1648 Proceribus
562 1586 675 1647 vestris
695 1607 767 1647 eum
788 1587 978 1650 inscribere:
1008 1591 1063 1652 sed
1083 1592 1154 1651 ani·
1204 1627 1211 1644 ·

114 1682 117 1688 ¹
151 1672 205 1754 md
227 1690 292 1772 ejus
312 1711 369 1770 per
389 1699 421 1750 te
443 1691 531 1771 prius
554 1697 683 1750 tentato.
731 1689 888 1770 Nusquam
919 1691 1000 1752 enim
1021 1715 1155 1774 genero·

152 1795 250 1870 mores
286 1793 399 1852 dantur
434 1791 595 1852 literarum
632 1790 760 1851 Patroni
793 1811 884 1873 quam
923 1795 959 1854 ila
993 1794 1157 1857 Britannia
1242 1829 1248 1845 ·

78 1902 84 1977 [
152 1905 274 1973 vestra,
302 1893 611 1970 assumimus,
646 1914 720 1975 quas
737 1893 804 1954 dixi
827 1917 949 1974 causas,
978 1875 1183 1980 hujusmodi¹

154 1991 361 2060 Patronorum
388 1993 588 2059 liberalitates
610 1998 802 2077 spernendae
823 2008 904 2058 sunt.
956 1999 1097 2081 Cogitavi
1117 2003 1157 2062 de
1270 2035 1272 2038 ·

155 2101 293 2162 Domino
322 2101 552 2162 Sunderlandio
581 2101 633 2162 vel
660 2097 842 2178 Hiifisnxio,
877 2104 930 2162 vel
944 2119 945 2122 ’
958 2103 1157 2181 Summersi0,

157 2187 216 2264 sedv
235 2205 276 2264 ad
296 2204 490 2283 quos'aditus
509 2204 587 2264 mihi
610 2205 694 2286 prius
712 2227 730 2264 a
743 2205 876 2285 quadarn
890 2207 1060 2268 amicorum
1071 2229 1160 2269 meo-

157 2327 230 2366 rum
253 2297 409 2386 perendus
430 2315 517 2366 esset
565 2305 619 2366 Est
649 2307 761 2386 aliquis
789 2305 926 2368 Londini
952 2313 1005 2390 qui
1033 2333 1162 2392 operam

159 2431 247 2471 wem
275 2409 415 2470 adhunc
437 2425 504 2469 rem
525 2417 634 2490 sponte
655 2409 733 2476 mihi
755 2409 876 2487 obtulit,
904 2413 959 2472 setl
986 2415 1037 2474 cui
1062 2415 1166 2478 adhuc¹

161 2513 256 2578 officii
280 2512 373 2595 hujus
397 2513 526 2592 gratiam
547 2511 627 2588 ieci,
668 2511 815 2591 quoniam
850 2513 905 2572 alii
938 2517 1042 2594 potius
1070 2537 1162 2596 quam

160 2614 214 2676 illi
242 2613 302 2676 hoe
331 2615 461 2677 nomine
490 2615 654 2675 obstrietus
682 2635 748 2674 esse
775 2615 900 2674 vellem.
964 2616 1066 2688 Quare
1094 2620 1163 2695 tibi,

163 2717 222 2778 Vir
242 2719 392 2794 illustris,
429 2727 461 2778 et
487 2717 706 2777 Broolrbankio
727 2727 833 2776 nostro
856 2726 954 2780 totum
981 2719 1042 2780 hoc
1068 2742 1163 2802 nego-

162 2821 242 2880 tium
263 2820 431 2880 eommitto.
475 2817 588 2880 *Redeo
617 2839 701 2878 nunc
721 2820 761 2880 ad
781 2819 965 2880 institutum.
1015 2823 1062 2882 De
1092 2845 1166 2886 σκυ-

163 2919 405 3006 aodsspeiuqaid
425 2922 625 2992 statuendum
641 2937 737 2997 esset,
778 2923 834 2982 diu
861 2923 1024 3001 fluctuavit
1065 2945 1166 3006 raeque

87 3007 93 3018 ⁵
164 3025 242 3089 dum
263 3027 374 3087 omnis
401 3025 480 3085 mihi
506 3027 668 3106 scrupulus
696 3035 856 3105 exemptus
889 3036 949 3104 est3
983 3029 1167 3108 praesertim
1237 3029 1238 3032 ’

165 3140 329 3211 postquam
354 3128 454 3188 incidi
481 3129 517 3186 in
545 3129 639 3188 alium
661 3129 765 3188 locum
784 3129 1057 3209 Aristophanis'in
1081 3132 1168 3191 Avib.

165 3253 199 3294 v.
216 3233 287 3313 499.
319 3253 386 3312 pag.
403 3230 474 3292 564.
523 3227 578 3290 Ed.
614 3229 691 3291 Gen.
719 3230 774 3291 ubi
798 3226 985 3316 σιὲυτοῦἐψαι
1004 3234 1113 3295 itidem
1134 3235 1170 3294 iu

167 3334 233 3396 fine
256 3355 363 3395 veram
381 3334 576 3414 Anapaestici
594 3334 716 3414 legitur.
759 3333 808 3396 An
830 3334 925 3416 igitur
945 3338 1083 3398 dicemus
1100 3338 1174 3418 pri·

168 3459 253 3500 mam
275 3437 426 3517 syllabam
453 3423 486 3496 in
508 3433 709 3519 σκυτοδεψεῖν
728 3456 794 3499 esse
814 3439 1003 3520 ancipitem?
1038 3461 1078 3499 au
1096 3459 1171 3499 vero

173 3549 207 3600 et
225 3541 269 3601 ibi
287 3541 451 3620 legendum
473 3559 537 3600 esse
559 3536 769 3623 σκυλοδέψαιῗ
819 3541 921 3602 Tuum
941 3542 1092 3622 judicium
1115 3561 1174 3600 ex-

170 3651 286 3726 pecto(
323 3642 403 3702 illud
425 3638 627 3723 σκατοδεψεῖν
653 3651 807 3721 tanquam-
822 3645 1032 3724 conjccturam
1053 3637 1173 3703 tantum

172 3746 338 3828 proposui;
373 3759 463 3826 quam
491 3765 647 3825 uunquam
670 3745 791 3804 animus
819 3745 897 3805 mihi
926 3747 987 3807 fuit
1007 3746 1175 3828 pertinaci-

175 3859 225 3910 ter
242 3833 441 3910 defendendi.
485 3847 532 3909 De
560 3844 760 3928 σκυλοδεψεῖν
784 3848 904 3908 si=loca
928 3850 1077 3928 quaedam
1106 3871 1177 3910 suc-

176 3961 323 4028 ¹currunt,
352 3951 388 4010 in
409 3952 518 4034 quibus
539 3953 641 4032 prima
659 3953 725 4031 ejus
753 3952 839 4011 vocis
859 3953 977 4032 syllaba
996 3953 1100 4014 brevis
1123 3963 1176 4032 est,

178 4076 216 4116 ea
238 4064 273 4114 ut
298 4075 419 4115 mecum
447 4055 654 4114 communices
681 4049 785 4133 rogos
826 4053 873 4114 De
899 4051 1067 4138 ὄλυμπικός
1094 4055 1180 4140 dysis

180 4161 223 4230 [v.
242 4157 326 4232 583]
346 4159 484 4239 ignosces
505 4157 599 4233 milii,
620 4159 646 4217 si
668 4157 878 4237 conjecturam
900 4173 998 4220 meam
1020 4179 1084 4220 non
1106 4180 1180 4221 neu·
