2950 4998
376 463 450 538 140

374 658 580 748 coniectura
611 645 750 718 certius.
800 639 1105 737 Ἀντιηνέγμεθα
1138 637 1183 710 ab
1207 637 1361 738 dvrtpa‘ss

366 815 497 890 -ρομαι
519 829 569 846 --
591 775 867 876 ἡναντιῶμεθα
887 777 1039 850 verbum
1057 772 1237 848 Ionioum.
1267 770 1361 846 Idem
1445 807 1446 874 3

367 921 534 1022 ‘Hesych.
572 912 838 1016 ἀναφέρεται,
877 907 1144 1000 ἐναντιοῦται,
1178 927 1227 997 Ιει-
1256 904 1361 1000 ἀντι-
1445 905 1446 908 ’

372 1056 581 1160 φέρεσθαι,
619 1047 929 1128 ἐναντιοῦσθαι.Ι
972 1041 1103 1119 Suidas
1129 1039 1360 1144 Ἀντιφέραν-

373 1223 461 1286 rac,
502 1186 792 1278 ermenoarae,
831 1179 897 1258 sed
926 1174 1254 1279 ἄντιδιαφέρομαι
1287 1200 1360 1250 nus·

374 1353 484 1432 qnam
507 1324 599 1424 lego.

366 1513 371 1524 .
448 1527 566 1604 P..56
595 1525 716 1601 Verba
739 1523 795 1598 Cl
809 1524 915 1597 Bern.
963 1520 1255 1622 ,,Ἀχινᾰων,’
1226 1527 1363 1630 aptari,

374 1663 450 1742 δων
474 1661 647 1746 acoidita
673 1657 808 1735 diversa
830 1655 986 1734 lectione
1006 1657 1144 1732 codicis
1169 1661 1357 1757 Homerici,

272 1845 278 1854 ·
374 1821 436 1876 aut
471 1800 516 1875 ab
553 1795 803 1872 instdarum
792 1819 952 1894 ipsarum
990 1795 1259 1874 nomenclatura
1294 1819 1357 1879 tam

365 1937 502 2044 'exigito
535 1929 759 2008 differenti.“
822 1925 900 2002 sed
932 1923 1059 2007 smalto
1091 1931 1174 2032 q'uis
1202 1957 1283 2008 eam
1307 1958 1358 2008 va·

269 2113 272 2120 ·
372 2074 462 2150 riam
500 2064 780 2168 appellationem
804 2047 1005 2138 'memoriae
1028 2063 1221 2164 prodidit,
1262 2088 1356 2168 atque
1429 2134 1431 2148 ,

373 2208 463 2283 adeo
494 2201 577 2306 quis
605 2225 690 2274 eum
713 2198 837 2270 locum
855 2195 1027 2296 Hesyehii
1052 2191 1098 2273 de
1120 2199 1356 2275 Echinadihus

371 2335 622 2440 interpretatus
641 2310 728 2428 est,
761 2315 1073 2429 antequamuaee
1100 2361 1179 2410 mea
1205 2333 1356 2438 Epistola

371 2478 411 2558 in
434 2477 553 2553 lucem
575 2465 770 2546 ederetur?

439 2713 561 2814 Atque
587 2707 677 2786 haec
707 2701 937 2805 quidem'his
957 2703 1015 2780 vel
1041 2703 1218 2782 similibus
1248 2705 1354 2785 verbis

370 2843 563 2928 commode
592 2841 654 2919 edi
678 2839 824 2942 possint
898 2837 959 2916 Tu
976 2839 1096 2917 ¹etiam
1123 2863 1232 2946 atque
1259 2842 1356 2919 etiam
1444 2823 1445 2846 ¹

288 2977 357 3074 167
370 2980 559 3061 considera
588 3007 633 3055 an
655 2974 903 3078 praestabilius
936 2974 983 3050 sit
1003 2975 1093 3052 haec
1114 2977 1153 3053 in
1178 2976 1355 3080 publicum

365 3116 534 3223 prodire,
565 3139 675 3216 quam
703 3111 868 3185 Vulcano
895 3108 991 3185 tradi
1021 3156 1075 3175 -
1106 3113 1184 3214 Ego
1213 3108 1356 3215 quidem

363 3250 465 3327 ¹nihil
493 3243 812 3346 antiquiua'habeo
842 3267 950 3343 quam
973 3266 1009 3322 te
1037 3249 1157 3325 colere
1182 3267 1219 3323 et
1243 3246 1357 3323 obser·

245 3475 248 3497 Ι
368 3410 470 3478 vare,
488 3383 616 3482 itaque
640 3381 703 3454 fiet
732 3381 866 3478 quod
855 3384 1015 3481 lasseris:
1042 3385 1114 3459 sive
1139 3379 1243 3485 quod
1262 3398 1354 3482 opto,

367 3519 472 3640 plura
496 3515 663 3591 adnotata
690 3513 748 3587 his
775 3513 908 3595 addere
931 3517 1041 3616 velis,
1065 3519 1137 3596 sive
1152 3514 1298 3594 haec
1286 3537 1361 3616 ipsa·

368 3653 480 3732 celari
497 3673 559 3727 aut
584 3650 762 3752 concerpi.

416 3889 589 4002 ¹Quaeso
626 3889 717 3964 mihi
750 3914 908 3963 memora
941 3883 1116 3964 editiones
1133 3911 1185 3968 vet
1218 3886 1356 3992 paginas
1443 3875 1444 3964 Ῐ

279 4021 281 4026 ’
371 4025 595 4100 Theodoreti
617 4005 663 4098 et
677 4023 841 4099 eliorum¹
858 4025 923 4123 qui
937 4023 983 4096 de
1005 4025 1133 4103 Jubale
1154 4023 1250 4102 illud
1265 4048 1356 4100 com·

371 4146 581 4238 memorauit.
612 4159 776 4233 'Frustra
800 4159 898 4234 enim
921 4186 1063 4262 quaero.
1139 4203 1146 4214 ··
1265 4232 1269 4240 .

908 4491 917 4552 l
