2918 5008
994 426 1120 522 ,s1

117 598 177 662 sed
191 611 296 660 tumn
316 600 423 662 hebet:
462 617 663 680 quemquam,
692 616 789 677 quum
808 596 891 658 hseo
906 598 998 662 valde
1019 603 1124 684 negli-

86 773 90 782 ,
117 711 227 784 genter
254 705 351 766 suctu¹
366 706 422 779 sit,
460 723 526 762 nou
547 701 679 762 multum
700 703 729 761 ei
750 703 909 761 tribuam·
943 700 1025 763 lllud
1045 721 1122 766 vero

117 813 261 888 apparet,
300 807 465 868 admodum
490 806 595 865 levem
623 823 688 864 esse
714 811 779 862 tom
805 806 943 884 corrupti
964 808 1124 886 scriptoris

116 908 343 970 anctoritatem.
385 909 491 989 ltaque
517 909 644 968 terlium
671 901 805 984 denique
830 918 1045 986 argumentum
1072 913 1124 972 vi-

117 1012 263 1086 deamus,
284 1011 367 1091 quod
386 1012 605 1091 depromptum
625 1019 672 1070 est
693 1028 733 1068 ex
752 1009 872 1069 duobus
894 1010 962 1070 eliis
984 1011 1122 1074 Terentii

114 1113 209 1189 loeis,
231 1113 326 1175 Andr.
348 1112 372 1190 l,
397 1133 424 1190 r,
446 1114 496 1174 32.
876 1131 883 1171 s

244 1214 356 1274 laurum
379 1217 431 1275 ille
454 1213 538 1274 nilzil
556 1215 678 1295 egregie
696 1223 821 1293 praeter
843 1217 968 1276 coetera
1007 1250 1012 1265 ·

245 1317 405 1378 studebat:
430 1329 460 1376 ee
479 1329 585 1380 tomen
605 1319 710 1378 omnio
729 1315 809 1378 daeo
828 1317 1034 1382 mediocriter.
1056 1315 1058 1320 ’

114 1421 157 1482 Et
178 1419 229 1499 IV,
252 1439 280 1499 1,
297 1443 329 1504 9.

245 1538 275 1585 ee
295 1530 423 1599 timent,
450 1539 492 1590 ,et
511 1537 616 1588 tamen
633 1545 682 1584 res
696 1527 813 1604 premit
832 1523 989 1609 denegare.
1035 1519 1040 1524 ’

115 1630 158 1689 At
179 1630 253 1710 'quid
271 1628 408 1710 probant
424 1629 459 1690 hi
476 1629 559 1690 loci?
601 1626 738 1690 Inveniri
758 1639 788 1686 et
808 1639 931 1691 tomen.-
952 1632 1032 1692 nihil
1052 1651 1119 1694 sm·
1189 1630 1202 1640 '

113 1731 210 1811 plius.
262 1731 346 1804 Quin
368 1733 517 1792 secundus
539 1750 647 1792 eorum
669 1717 710 1790 n'e
730 1731 862 1792 debebat
884 1734 1010 1814 quidem
1032 1757 1120 1796 oom-

114 1835 300 1912 memorari,
338 1846 374 1895 ut
400 1836 434 1894 iu
463 1855 524 1914 quo
552 1854 619 1894 uon
647 1843 679 1892 et
706 1845 810 1896 tomen
846 1837 1014 1917 conjuncte
1047 1839 1118 1915 sint,

114 1938 172 1998 sed
203 1937 265 1996 duo
294 1949 325 1996 st
352 1938 409 1997 sibi
439 1930 657 2017 respondeant.
706 1936 796 1997 Prior
817 1955 892 1999 vero
913 1940 1000 1998 locus
1024 1943 1118 2001 etism

112 2025 274 2121 redarguit
289 2037 552 2114 emendationem,
574 2039 764 2119 quemfecit.
805 2040 1005 2101 Demonstrat
1024 2044 1116 2133 enim,

112 2143 171 2202 ubi
197 2142 258 2204 dici
277 2141 384 2222 ¹possit
408 2153 438 2201 et
465 2153 576 2202 tameo.
620 2139 675 2201 Est
703 2151 805 2202 autem
830 2143 878 2204 his
904 2144 1023 2204 voculis
1050 2161 1118 2205 non

112 2245 180 2306 nisi
206 2247 240 2304 in
267 2245 418 2324 primaria
447 2245 602 2304 sententia
628 2245 725 2304 locus.
768 2245 868 2325 Atque
889 2245 950 2306 hoo
976 2248 1023 2308 ibi
1048 2237 1119 2310 uult

114 2348 220 2422 Simo,
260 2347 343 2408 nihil
371 2346 496 2427 quidem
522 2347 653 2405 istorum
679 2349 770 2406 illum
798 2349 918 2427 egregie
952 2350 1116 2428 studuisse,

113 2449 171 2526 sed
191 2459 295 2509 tomen
314 2452 418 2509 omnia
441 2449 656 2523 mediocriter,
678 2450 700 2508 i.
717 2469 742 2507 e.
759 2457 909 2528 quantum
932 2452 1004 2508 satis
1028 2463 1115 2512 esset.

112 2554 209 2632 Atqui
227 2552 262 2610 in
283 2553 413 2631 prologo
433 2551 513 2612 illud
534 2563 564 2610 ec
583 2563 687 2642 tameo
710 2553 744 2610 in
760 2550 946 2612 secundaria
961 2551 1116 2610 sententia

111 2659 205 2718 soree
248 2653 356 2733 Neque
376 2653 461 2713 enim
479 2653 541 2713 hoe
560 2653 652 2730 dicit,
674 2674 739 2714 esse
759 2654 885 2733 quidem
903 2653 1022 2712 fabulas
1042 2653 1116 2714 istas

112 2780 180 2820 non
207 2757 253 2816 ita
278 2756 420 2817 dissimili
447 2765 642 2836 argumento,
689 2757 743 2816 sed
771 2765 877 2816 temen
907 2755 1048 2817 oratioue
1078 2777 1115 2816 ao

113 2862 186 2922 stilo
202 2835 373 2923 dissimili:
413 2878 454 2918 ex
476 2879 536 2938 quo
556 2859 650 2917 simul
670 2869 813 2940 apparet,
850 2878 906 2917 cur
926 2857 1051 2938 quidem
1070 2861 1124 2920 ibi‘
1237 2927 1243 2940 ,

109 2963 274 3048 peninon
296 2963 449 3042 potuerit:
480 2961 535 3020 sed
555 2959 617 3020 hoo
635 2962 719 3036 vult,
743 2961 800 3020 etsi
821 2962 961 3020 oratione
982 2982 1018 3020 so
1038 2961 1112 3020 stilo
1149 2957 1160 2970 '
1257 3009 1260 3016 .

112 3065 254 3129 dissimili
282 3066 360 3139 sint,
390 3073 495 3122 samen
517 3072 698 3142 argumento
719 3083 784 3122 non
807 3083 872 3122 esse
894 3063 938 3122 its
960 3063 1113 3124 dissimili.

111 3171 200 3248 Hine
218 3167 320 3248 primo
345 3185 431 3241 eam,
475 3185 554 3244 quae
575 3166 723 3245 primaria
745 3165 899 3224 sententia
919 3175 982 3241 est,
1014 3167 1113 3228 solem

111 3271 221 3354 ponit:
246 3289 309 3327 nou
329 3270 377 3328 ito
396 3265 545 3326 dissimili
564 3279 637 3327 sioni
659 3278 849 3348 argumento.
892 3265 931 3327 Ei
949 3278 1033 3330 recte
1054 3269 1113 3329 de·

111 3373 189 3436 inde
218 3372 327 3449 addet,
369 3367 425 3428 sed
451 3381 553 3430 romeu
580 3372 720 3430 oratioue
745 3382 820 3430 sunt
846 3365 1013 3447 dissimili,
1051 3392 1115 3453 quo

112 3475 256 3558 paullum
283 3472 466 3552 restringat,
502 3475 585 3554 quod
613 3474 745 3536 dixerat
798 3473 887 3546 Quod
912 3475 939 3534 si
959 3485 990 3532 et
1010 3485 1116 3533 tamen

112 3581 248 3654 diceret,
283 3596 348 3636 nou
375 3574 576 3654 restringeret
601 3577 700 3651 illud,
736 3576 791 3662 sed
811 3577 907 3656 plene
929 3577 1065 3637 elevaret
1083 3587 1115 3637 et
1211 3569 1213 3580 ¹

111 3683 251 3756 tolleret,
299 3688 335 3739 ut
362 3679 425 3760 jam
452 3697 518 3735 non
549 3688 630 3739 esset
655 3679 788 3757 amplius
814 3679 1005 3759 primarium
1033 3721 1037 3728 ,
1061 3677 1118 3740 Est

111 3783 199 3846 enim
221 3781 302 3842 illud
321 3790 352 3838 et
371 3790 477 3838 tomen
497 3779 600 3855 idem,
627 3781 709 3860 quod
722 3779 830 3841 *nihilo
852 3783 965 3842 missus.
1007 3780 1113 3864 ltaque
1140 3797 1178 3840 10

111 3906 209 3967 quum
227 3882 287 3966 esd
303 3894 408 3941 sanun
429 3882 521 3942 metn'
543 3901 664 3957 caussa,
692 3894 722 3940 et
740 3895 847 3942 tomen
867 3893 969 3945 autem
987 3896 1117 3966 propter
1229 3870 1230 3876 ἵ

114 3989 302 4049 sententiam
330 3985 394 4044 dici
419 4004 484 4042 non
512 3985 666 4064 potuerit,
694 3985 770 4064 quid
797 3987 899 4060 aliud,
931 4004 1021 4064 quom
1041 3987 1132 4048 nen?

110 4105 197 4151 rrum
215 4087 442 4148 admittendum
461 4107 545 4161 esse,
566 4086 620 4146 sed
636 4087 997 4149 aliomemendstionem
1013 4091 1122 4170 quaeri
1156 4139 1158 4148 .

113 4195 230 4254 debers
258 4188 486 4269 judicabimus?
529 4187 568 4249 Et
598 4206 692 4269 quum
724 4190 825 4250 tribus
855 4187 957 4250 modis
986 4194 1122 4256 seribere

141 4294 288 4382 Ausum
731 4276 749 4334 f
