2986 4980
144 643 305 722 rationes
328 671 347 714 a
373 667 431 715 me
453 640 642 741 publicari.
690 639 768 716 Hae
789 643 895 742 longe
918 645 1150 744 perfectiores

35 855 39 862 ,
142 801 181 854 et
204 779 379 853 cultiores
400 775 619 878 prodiissent
643 775 683 851 in
703 777 846 873 lucem,
871 801 912 853 ut
932 779 1149 857 adversario·

145 943 228 991 rum
251 910 334 1014 telis
360 911 479 984 minus
499 893 651 986 fuissent
675 913 849 987 obnoxiae
876 889 1150 1015 (quamuisnon

146 1050 224 1124 sine
246 1048 379 1147 injuria
402 1047 442 1119 in
464 1047 645 1147 plerisque
667 1046 758 1120 locis
783 1075 802 1120 a
826 1047 1060 1136 disertissimo
1086 1052 1151 1126 im·

146 1205 355 1287 pugnantur
379 1184 480 1278 viro,
523 1183 588 1280 qui
621 1177 734 1282 aegris
769 1183 885 1257 oculis
918 1185 1150 1289 adspiciebat‚

143 1321 260 1394 alium
286 1320 326 1392 in
350 1308 513 1416 ejusdem
537 1317 782 1402 doctrinaeet
806 1323 1024 1419 argumenti,
1050 1323 1152 1425 quod

146 1483 184 1531 se
218 1455 368 1558 putabat
393 1451 613 1548 exhausisse,
649 1453 858 1528 tractatione
884 1456 966 1556 plns
996 1458 1151 1555 vidisse),
1212 1516 1216 1526 .

146 1594 181 1665 si
205 1619 269 1692 per
287 1589 398 1665 vitam
425 1589 625 1688 longiorem
652 1585 686 1660 ei
719 1586 881 1664 licuisset
905 1591 1152 1696 illas‘compo·

147 1754 235 1800 nere
255 1754 297 1798 ac
319 1721 475 1799 elimare.
513 1730 622 1800 .Nam
648 1722 741 1795 mihi
764 1748 808 1796 cx
830 1715 981 1798 infinitis
1001 1751 1039 1804 et
1056 1726 1153 1802 indi·

147 1861 256 1960 gestis
276 1858 386 1932 scidis
408 1853 578 1960 tanquam
593 1885 712 1959 sparsa
731 1857 890 1958 Sibyllae
904 1859 992 1932 folia
1007 1862 1153 1938 fuerunt

147 1993 367 2094 colligenda,
394 2015 429 2067 et
450 1992 741 2068 consarcinanda.
787 1992 871 2080 Quo
893 1993 1013 2067 minus
1034 2017 1152 2078 autern
1192 2001 1197 2008 ’

149 2132 226 2234 ipse
250 2130 417 2202 ultimam
447 2129 520 2202 suis
555 2127 831 2227 cogitationibus
856 2127 1004 2202 manum
1032 2131 1154 2232 impo·
1249 2141 1251 2146 ’

148 2287 272 2358 neret,
310 2265 436 2338 acerba
460 2285 495 2337 ct
521 2291 588 2336 nec
613 2265 723 2362 opitu
746 2290 844 2336 mors
865 2264 904 2336 in
929 2265 1008 2365 ipso
1031 2267 1154 2340 aetatis

149 2402 305 2475 maxime
328 2398 488 2472 florentis
511 2401 641 2473 robore
668 2398 886 2494 intercessit,
923 2419 1038 2497 quam¹
1052 2400 1154 2475 'unici

151 2535 260 2610 filioli
283 2558 303 2606 a·
323 2532 462 2622 rabiosa
485 2533 655 2606 canicula
672 2530 868 2606 domestica
894 2533 1019 2608 leviter
1042 2537 1155 2610 morsi

150 2637 399 2772 ὑδροφοβῖα,
437 2688 473 2740 et
497 2669 623 2767 ingens
645 2694 687 2741 ex
716 2667 815 2741 illius
837 2668 949 2743 obitu.
966 2669 1153 2768 aegritudo

149 2811 334 2881 contracta
355 2829 431 2877 non
458 2803 565 2902 longe
580 2823 673 2903 ,post
692 2802 997 2905 utriqueparenti
1017 2776 1154 2878 accele-

151 2941 250 3016 ravit
270 2921 686 3012 Hanc'Dissertationem
701 2933 897 3032 castallio,
912 2935 957 3010 de
972 2955 1042 3038 qua
1058 2931 1155 3014 nihil

149 3101 333 3174 unquam,
362 3099 432 3146 nec
451 3097 494 3148 ex
512 3074 615 3172 ipso,
637 3049 706 3144 nec
730 3091 773 3143 ex'
794 3069 950 3171 Casparc
970 3074 1152 3170 Gevartio,

152 3241 173 3287 a
206 3237 282 3310 quo
312 3231 433 3282 tamen
464 3235 549 3282 non·
574 3228 714 3281 tantum
745 3206 990 3302 familiariter,
1028 3209 1153 3285 sedet

150 3343 393 3446 hospitaliter.
412 3343 520 3417 etiam
544 3362 627 3442 post
655 3342 727 3414 fata
758 3341 916 3414 Rubenii
939 3369 1013 3417 non
1042 3349 1154 3419 semel

151 3484 203 3558 fui
239 3499 429 3578 exceptus,
475 3476 677 3572 audieram,
721 3475 762 3546 in
804 3475 966 3551 Getartii
1005 3479 1155 3576 gratiam

152 3616 404 3692 concinnatam
433 3639 506 3686 esse
541 3611 673 3705 credo,
709 3631 751 3684 ut
782 3609 889 3682 illum
919 3639 939 3682 a
970 3613 1155 3707 sententia,

152 3777 263 3852 quam
284 3746 468 3824 mordicus
493 3723 678 3840 tuebatur,
716 3745 761 3819 de'
783 3745 945 3839 Manilii,
981 3751 1155 3832 Astrono·

152 3881 240 3960 mici
276 3883 453 3976 auctoris,
496 3902 627 3970 aetate,
667 3901 778 3981 quem
815 3879 881 3953 iste
915 3879 1154 3981 Theodorum

152 4020 326 4096 Mallium
355 4017 464 4092 luisse
489 4014 749 4110 contendebat,
785 4014 944 4113 aliisque
959 4044 1098 4090 summa
1117 4019 1155 4094 vi

141 4147 189 4230 ¹et
209 4153 405 4245 sexcentis,
443 4171 484 4224 ut
508 4149 713 4251 praedicare
736 4148 892 4240 solebat,
934 4155 1153 4250 argumentis
1171 4166 1214 4234 18
