2918 5008
344 621 435 698 'Quae
463 621 559 686 uerba
586 631 678 682 erunt
706 598 923 701 exprobrantis
953 618 1103 682 beneficis
1121 622 1158 682 in
1177 625 1340 704 parasitum

344 727 466 787 collate.
528 722 609 784 Vide
635 724 820 804 interpretes
847 723 951 784 Plauti
980 723 1020 784 ed
1047 723 1134 784 Curc
1165 724 1201 786 ll.
1232 727 1269 804 3,
1296 749 1341 810 79.

343 827 443 888 Stich.
458 825 524 904 1-3,
541 829 592 886 81.
635 824 697 886 Sed
720 827 791 886 setis
812 825 892 887 mihi
909 826 1021 888 videor
1041 826 1162 889 Naevio
1182 831 1342 892 asseruisse

341 931 481 993 fabulam
503 927 655 989 Colacem.
704 926 810 1007 ltaque
828 938 972 989 revertor
994 929 1034 990 ad
1052 929 1236 992 Bentleium.
1286 933 1341 1008 Qui

343 1035 429 1116 quod
448 1033 541 1107 dicit,
567 1031 679 1092 miram
695 1049 761 1090 esse
779 1031 986 1108 locutionem,
1014 1033 1156 1094 &locem
1174 1055 1238 1094 me
1257 1037 1342 1096 Nas-

341 1140 396 1208 oi,
431 1147 467 1194 et
486 1135 599 1198 Plauti
617 1144 749 1192 veterem
759 1131 933 1214 fabulam,
970 1145 1002 1195 et
1022 1156 1099 1215 quae
1121 1157 1216 1216 porro
1237 1138 1339 1198 dehis

340 1239 446 1300 verbis
473 1238 623 1318 disputat,
658 1236 816 1294 neminem
841 1237 974 1296 arbitror
1000 1247 1065 1298 tam
1096 1239 1240 1302 hebetem
1268 1261 1339 1316 esse,

341 1344 418 1423 quin
439 1341 559 1416 videat,
591 1338 631 1399 de
652 1337 807 1396 industria
828 1357 899 1398 eum
921 1339 1111 1401 calumniari.
1168 1342 1252 1404 Nam
1277 1344 1336 1424 quis

341 1445 401 1506 sibi
423 1441 629 1526 persuadeat‚·
650 1459 716 1498 non
737 1439 853 1500 vidisse
875 1461 965 1518 eum,
994 1443 1039 1502 sic
1060 1445 1158 1505 verbe
1177 1465 1244 1506 esse
1268 1449 1338 1528 juu-

339 1546 457 1628 geuda,
498 1543 640 1606 Golucm
661 1562 725 1601 esse
746 1543 852 1603 Naevi
870 1556 899 1603 et
923 1545 1053 1619 Plauti,
1091 1558 1222 1606 veterem
1234 1548 1337 1630 sabu-

339 1650 413 1708 lum
462 1645 559 1708 Immo
590 1648 669 1707 bene
700 1647 795 1707 vidit:
835 1647 889 1707 sed
918 1646 1017 1708 scieni
1047 1649 1270 1728 dissimulavit,
1305 1663 1337 1712 ut

338 1751 483 1826 haberet,
519 1771 582 1831 quo
604 1749 788 1828 scripturam
809 1761 979 1830 suspectam
1002 1751 1154 1813 redderet
1202 1753 1285 1814 Nam
1303 1756 1337 1813 in

312 1841 313 1848 ἵ
337 1855 401 1916 illis
421 1853 502 1914 nihil
524 1861 607 1927 erat,
637 1851 720 1932 quod
741 1851 998 1933 reprehenderet,
1027 1875 1122 1934 quum
1140 1856 1269 1915 Luscius
1289 1857 1337 1916 di-

337 1959 403 2034 xit,
438 1954 622 2018 Eunuchum
644 1953 786 2016 Terentii
807 1973 870 2014 nou
891 1976 1024 2032 novam,
1056 1957 1110 2018 sed
1129 1967 1270 2020 veterem
1290 1959 1336 2018 fa-

337 2062 444 2123 bulam
467 2079 551 2135 esse;
585 2078 650 2118 esse
668 2058 754 2118 enim
776 2056 920 2118 Colacem
940 2058 1052 2119 Naevii
1074 2072 1105 2120 et
1124 2061 1234 2121 Plauti.
1277 2061 1336 2122 Ve-

337 2176 437 2224 terem
465 2163 549 2222 enim
577 2159 714 2218 sabulum
745 2179 836 2217 nemo
860 2161 1053 2235 nonvidot,
1090 2183 1156 2222 non
1182 2173 1252 2224 tem·
1271 2186 1336 2226 eam

338 2265 417 2340 dici,
460 2282 538 2342 quae
561 2261 674 2320 multos
701 2267 773 2318 ante
799 2279 897 2320 annos
926 2262 1009 2322 edita
1039 2264 1093 2339 sit,
1132 2285 1227 2344 quem
1245 2266 1334 2346 hane,
1444 2277 1445 2288 ¹

338 2385 416 2448 quse
450 2385 521 2429 'non
557 2363 717 2442 contineat
750 2379 869 2422 novum
896 2363 1022 2443 aliquod
1053 2377 1084 2426 et
1110 2387 1176 2426 non
1206 2379 1277 2428 ante
1303 2371 1335 2428 in

336 2489 430 2530 scena
465 2467 567 2528 visum
603 2473 826 2544 argumentum.
875 2463 937 2525 Sed
974 2469 1075 2548 pergit
1108 2470 1169 2528 alio
1206 2472 1334 2532 artificio

292 2585 294 2596 '
337 2572 497 2634 confutare
523 2570 673 2630 librorum
702 2569 902 2646 scripturam,
940 2589 1034 2648 quum
1061 2573 1095 2630 in
1124 2591 1178 2647 eo,
1217 2573 1253 2631 in
1276 2595 1334 2653 quo
1443 2599 1444 2652 ᾗ

336 2683 459 2736 accuset
485 2671 612 2732 Luscius
647 2671 841 2746 Terentium,
885 2671 1027 2732 eumdem
1061 2673 1155 2733 simul
1191 2695 1334 2734 excusare
1443 2659 1444 2720 i

333 2777 389 2836 nit
446 2773 528 2836 Num
557 2776 584 2834 si
611 2773 776 2861 Terentius
802 2771 880 2832 furti
905 2785 1080 2850 accusetur,
1123 2777 1208 2837 idem
1242 2781 1333 2838 etiam

334 2880 480 2940 Plautum
498 2877 624 2952 fecisse,
652 2886 687 2935 ut
708 2878 745 2936 ab
769 2874 904 2951 Naevio,
937 2877 1045 2955 quise
1068 2879 1227 2958 antiquior
1249 2891 1332 2956 esset,

223 2997 227 3006 '
335 2991 550 3060 argumentum
577 2977 661 3038 istud
686 2977 849 3039 furaretur.
891 2975 965 3039 Esto
992 3000 1084 3056 vero,
1119 2991 1154 3041 ut
1182 2982 1334 3043 Naevium
1443 3011 1444 3020 ¹

334 3083 552 3164 compilaverit
579 3079 719 3140 Plautus:
755 3081 830 3160 quid
858 3079 919 3140 hoc
948 3082 988 3142 ad
1016 3083 1106 3142 reml
1149 3081 1278 3146 furtum
1301 3087 1333 3145 iu

334 3185 484 3248 Terentio
503 3182 706 3266 reprehendit
725 3183 866 3259 Luscius,
886 3183 958 3262 qui,
979 3184 1004 3244 si
1024 3185 1108 3246 idem
1130 3187 1223 3246 etiem
1244 3189 1334 3248 Plau-

333 3297 384 3348 tus
403 3286 495 3362 fecit,
528 3306 604 3346 num
628 3286 764 3347 laudabit
783 3286 891 3348 hunc?
927 3288 1024 3348 immo
1047 3309 1143 3368 aeque
1163 3291 1334 3372 reprehen-

334 3389 405 3466 det,
431 3398 463 3448 et
481 3407 545 3448 non
565 3387 660 3448 fuisse
681 3389 868 3450 imitandum·
888 3389 984 3448 dicet:
1017 3401 1052 3452 ut
1064 3392 1155 3452 ‘nihil
1175 3392 1250 3454 hinc
1276 3415 1332 3454 ex-

333 3489 500 3552 cusationis
527 3489 676 3550 Terentio
710 3491 809 3570 possit
843 3491 999 3554 accedere.
1057 3494 1195 3556 Omnino
1233 3505 1333 3557 eutem

331 3617 398 3655 non
420 3595 459 3655 de
482 3615 520 3655 eo
542 3596 656 3675 agitur,
685 3595 759 3673 quid
780 3594 906 3655 Plautus
927 3611 1011 3657 reete
1033 3608 1086 3656 aut
1107 3598 1190 3658 male
1212 3599 1332 3671 fecerit,

331 3699 388 3759 sed
412 3698 450 3758 de
472 3718 526 3774 eo,
564 3697 648 3776 quod
673 3697 837 3756 Terentius
865 3697 1003 3758 subulam
1032 3700 1165 3759 ediderit
1185 3722 1252 3762 non
1274 3723 1333 3760 110-
1442 3723 1443 3792 }

282 3877 285 3883 Δ
331 3821 423 3878 vam,
443 3800 667 3875 seductorem,
688 3801 751 3880 jam
773 3800 944 3877 aNaevio,
963 3802 1027 3882 jam
1049 3824 1067 3862 a
1088 3801 1197 3863 Plauto
1218 3815 1332 3864 tracta-
1442 3847 1443 3852 η

330 3913 409 3964 tam:
457 3923 534 3983 quae
560 3911 645 3962 tanto
675 3902 799 3980 gravior
824 3912 870 3964 est
898 3903 1115 3985 reprehensio,
1156 3907 1241 3985 quod
1267 3927 1332 3965 non

330 4026 428 4082 unus,
446 4017 449 4026 '
469 4004 523 4065 sed
552 4004 657 4085 plures
685 4005 748 4086 jam
775 4005 858 4066 idem
888 4015 1104 4086 argumentum
1134 4008 1170 4066 in
1207 4031 1331 4070 scenam
1442 4011 1443 4014 ’

329 4107 531 4188 protulerant.
575 4106 622 4166 Ex
650 4107 697 4166 his
726 4116 868 4186 apertum
893 4107 1016 4168 videtur
1044 4128 1124 4188 esse,
1163 4112 1247 4173 nihil
1267 4115 1332 4194 ¹ista

331 4211 522 4272 correctione
547 4211 682 4291 potuisse
702 4210 859 4272 infelicius
881 4212 1057 4293 excogitari.
