2950 4998
972 495 977 552 j
1033 463 1112 535 ‘133
1174 463 1176 469 ’

123 641 218 747 quod
238 642 360 718 sciam.
411 640 558 745 Syllaba
585 643 651 750 ista
672 671 742 718 κεπ
758 643 907 718 omnino
931 675 950 718 a
972 613 1113 747 linguae

125 783 277 856 Graecae
299 777 405 880 genio
431 777 544 858 aliena
566 795 620 851 est
640 821 692 840 --
715 774 811 852 addo
837 797 873 852 et
886 777 1046 872 Latinae.
1061 771 1135 842 «ι--ιΙ

124 921 232 996 Saea,
247 911 634 1015 quidemadmittunt‚
656 911 721 992 sed
741 910 834 988 cedo
855 912 947 988 mihi
962 905 1040 992 ’κεπ
1056 915 1113 991 vel
1130 915 1199 992 160

123 1049 159 1123 in
188 1047 370 1152 principio
399 1045 457 1124 vel
486 1048 526 1122 in
558 1045 681 1123 medio
710 1047 880 1124 vocabuli
909 1069 950 1160 et
972 1047 1147 1138 viceris„¹

122 1183 231 1259 Unica
255 1211 326 1262 vox
348 1163 402 1260 est
422 1181 576 1282 κὲπφος.
628 1185 769 1258 Verum
792 1209 868 1257 non
886 1183 1012 1284 kepfos
1026 1209 1112 1285 pro·

61 1365 64 1374 ·
121 1316 329 1394 nuntiabant
353 1317 419 1394 sed
450 1295 586 1394 Kettos,
637 1315 693 1394 Ita
718 1302 867 1417 Σαπφὼ
896 1345 972 1392 non
997 1317 1115 1393 efferi=
1225 1325 1226 1330 ’

121 1479 194 1528 mus
218 1454 363 1555 Sapfe‚·
383 1449 449 1527 sed
477 1451 584 1526 Saffo.
656 1449 737 1524 lam
756 1451 805 1524 *in
835 1449 973 1528 Latinis
1006 1451 1109 1529 nulla
1150 1434 1154 1442 ⁸
1260 1442 1263 1449 ¹

122 1587 250 1682 syllaba.
272 1608 328 1664 est
347 1565 418 1688 'eep
438 1606 567 1663 ¹natura
588 1584 709 1663 brevis
738 1627 791 1646 ..
813 1607 901 1688 nepe
926 1607 961 1662 et
982 1586 1109 1689 cepisti

122 1743 169 1795 est
190 1697 278 1815 aare.
329 1723 476 1824 Auceps
490 1741 526 1797 et
549 1719 717 1820 princeps
741 1739 794 1792 est
814 1743 905 1818 κεψ.
954 1723 1000 1799 In
1021 1723 1110 1796 casi-

121 1853 182 1930 bus
200 1855 380 1956 obliquis,
414 1853 609 1956 principis,
638 1849 808 1956 forcipis²
837 1856 923 1955 quia
951 1855 1108 1956 fereepis

123 2010 154 2064 et
175 1989 358 2091 princepis
389 1988 532 2088 linguae
560 2008 684 2062 natura
705 2013 781 2062 non
806 1988 969 2082 ferebat„
1004 1991 1110 2070 Certe

122 2125 291 2226 quantivis
313 2123 421 2226 pretii
445 2143 498 2199 est
519 2123 608 2198 haee
623 2121 843 2227 observatio,
866 2146 903 2199 et
924 2149 1110 2200 necessum

68 2281 92 2338 .’
122 2280 169 2334 est
190 2281 231 2335 ut
249 2254 420 2361 repudies
442 2256 653 2334 sententiam
672 2278 770 2332 tuam
793 2253 839 2332 de
853 2255 966 2338 κέπω.
996 2256 1111 2360 Quod

123 2391 165 2468 ad
186 2393 446 2470 Philostratum
478 2413 514 2466 et
541 2391 766 2495 Hesychium
795 2393 938 2488 attinet,
958 2391 1112 2468 decrevi

123 2551 156 2606 et
183 2551 251 2605 stat
281 2528 479 2620 sententia,
507 2525 573 2600 ubi
605 2528 719 2601 seutel·
744 2527 906 2628 pertenui
935 2523 1039 2628 qnod
1063 2524 1112 2600 ati

27 2751 29 2762 ‚
122 2663 285 2739 blalelam
310 2637 455 2738 exorsus
474 2688 573 2756 sum,
593 2659 866 2736 humanioribus
885 2661 998 2736 literis
1019 2686 1112 2742 nuu-

120 2798 213 2873 eium
244 2798 401 2872 mittere.
470 2795 606 2878 Saltem
624 2794 679 2884 in
711 2793 863 2897 aliquod
892 2815 1036 2894 tempus
1067 2789 1111 2869 eir

122 2933 277 3008 manibus
309 2929 508 3031 deponam3
533 2951 568 3004 et
588 2931 714 3004 neseio
731 2897 964 3030 anuunquem
986 2950 1112 3030 postea

121 3089 269 3168 potestas
298 3068 368 3144 erit
390 3088 451 3141 aut
475 3065 617 3141 animus
639 3091 681 3142 ea
701 3062 819 3140 studia
841 3065 1030 3145 revisendi.
1064 3117 1071 3125 -

749 3231 834 3309 ‘Pe
863 3229 905 3308 B.

215 3474 295 3552 Ubi
316 3470 506 3562 Dndwelli
534 3493 713 3573 tuamque·
730 3468 949 3548 sententiam
967 3467 1111 3546 audive-

114 3635 180 3704 re,
214 3610 284 3684 erit
311 3605 415 3709 quod
445 3606 493 3682 <le
515 3606 736 3709 ἧρικεπαῖος
761 3623 882 3681 tecum
907 3603 1026 3680 velim.
1057 3625 1111 3662 -’-

124 3744 220 3828 Illud
250 3742 297 3818 de
325 3771 397 3820 κεπ
427 3741 508 3825 satis¹
541 3743 669 3842 arguit.
685 3763 752 3814 aut.
773 3739 1004 3843 ἦρικαπαῖαι
1024 3736 1112 3814 seri·

123 3879 281 3970 bendum
304 3906 401 3981 esse,
428 3902 489 3956 aut
508 3877 658 3955 verbum
678 3901 752 3952 esse
773 3876 976 3950 barbarum.
1096 3967 1100 3976 ⁸
