2918 5008
1085 375 1211 443 73¹

123 563 194 629 tur,
224 549 463 612 consonantium
477 558 588 610 eutem
608 547 795 630 permutatio
812 557 878 609 tem
899 552 1053 631 patienter
1074 544 1131 617 ed-

124 658 283 731 nietam
316 653 436 733 quidvis
453 671 494 712 ex
510 651 754 732 quovis‘poterit
773 652 900 729 deduci,
920 664 961 713 et*
972 658 1038 714 tbta
1056 677 1132 716 ver-

65 776 68 787 ¹
124 761 238 820 borum
261 739 440 838 graecorum
464 755 605 836 supellex
632 776 673 816 ex
701 753 836 815 Oriente·
861 754 1028 836 deportari.
1070 757 1132 818 Su-

124 862 253 943 periore
283 860 417 925 secedo
436 858 590 940 Goropiue
616 857 774 934 Becanus,
814 857 866 920 vir
884 859 1002 940 alioqui
1022 861 1131 921 doetus

127 973 160 1025 et
184 963 310 1043 ingenio
338 982 403 1023 non
431 963 569 1044 vulgari,
606 963 713 1022 omnia
731 961 856 1042 linguae
877 960 1015 1024 Ebraeae
1035 984 1132 1025 voca-

125 1067 207 1127 bule
223 1085 264 1126 ex
282 1065 474 1126 Brabanticie
496 1065 649 1126 deducere
671 1065 828 1148 adgressus
855 1075 916 1126 eet:
953 1065 1010 1126 vix
1036 1071 1132 1150 magio

126 1172 271 1246 insanus,
308 1189 400 1248 quem
420 1168 474 1248 qui
494 1167 589 1228 hodie
609 1171 714 1230 omnio
734 1179 842 1230 nostro
864 1189 904 1230 ex
926 1163 1134 1251 Ebraeisepe„

52 1273 55 1280 “
128 1281 196 1333 tere
216 1280 387 1348 conantur,
408 1271 605 1332 febriculosis
621 1271 810 1352 conjecturis
825 1280 856 1331 et
869 1272 1017 1333 inanibus
1030 1275 1134 1354 euspi-

128 1375 271 1435 oionibue
292 1373 375 1434 freti.
426 1371 520 1452 Haoe.
539 1383 639 1434 tout
666 1374 863 1454 ingeniorum
884 1386 1003 1456 pentem
1023 1377 1133 1457 fugies,

128 1487 236 1538 auctor
255 1478 311 1538 tibi
333 1497 396 1543 ero.
451 1475 564 1538 Nullus
586 1471 672 1538 enim
691 1477 808 1538 solidae
826 1479 984 1539 doctrinae
1005 1469 1157 1557 fructus,'

126 1581 218 1642 nulle
246 1581 329 1662 apud
367 1577 510 1640 cordatos
545 1579 688 1642 homines
725 1581 824 1660 glorio
858 1583 1027 1682 provenire
1060 1585 1134 1648 hino

125 1685 253 1767 poterit.
314 1680 479 1774 Nunquam
499 1682 594 1764 igitur
613 1683 673 1743 fibi
693 1683 818 1760 dixero,
852 1669 948 1744 unde
959 1683 1058 1746 Sileni
1081 1697 1135 1748 aut

126 1789 235 1868 Satyri
261 1785 410 1866 adpellali
439 1789 516 1846 sint:
555 1797 601 1868 ot,
639 1785 722 1868 quod
747 1783 846 1884 longe
867 1786 979 1848 melius
1002 1800 1063 1866 est,
1098 1765 1135 1852 id

125 1891 217 1954 tibi
206 1911 242 1950 ιη·
260 1908 367 1950 aurem
387 1831 601 1966 instillavero,
631 1899 667 1948 ut
688 1889 723 1949 in
744 1876 793 1947 his
817 1889 975 1951 senticetie
1000 1913 1134 1974 ruspan

126 1995 179 2054 dio
215 1991 297 2052 nolio
337 1992 497 2072 ingenium
533 2001 622 2052 tuum
645 2001 686 2051 et
713 1993 809 2051 bonas
838 1977 931 2054 liores
962 2006 1133 2061 conterere,

126 2097 209 2156 Vale
232 2104 264 2155 et
284 2096 334 2155 fao
354 2097 489 2174 primum
511 2115 562 2155 me
575 2076 747 2156 certiorem
758 2095 906 2175 ,ecquid
926 2097 966 2158 de
990 2079 1134 2161 lectioni·

127 2203 188 2261 bus
210 2197 388 2312 Manilianis
411 2218 429 2256 a
449 2207 480 2258 te
492 2198 632 2260 debeam
653 2207 833 2282 exspectare
848 2197 886 2282 *).

130 2344 344 2368 nun—*—

198 2435 226 2506 *)
261 2437 416 2510 Temporis
435 2450 536 2492 notem
557 2455 617 2492 non
638 2433 726 2490 habet
747 2433 887 2514 epistola,
926 2455 963 2489 ne
981 2435 1050 2493 anni
1070 2439 1134 2510 qui·

129 2527 208 2582 dem
243 2521 343 2578 Facile
367 2538 409 2576 est
432 2543 541 2576 annum
566 2514 707 2605 supplere
725 2506 925 2576 ΜΒΟΟῙΧ
924 2539 960 2575 ex
982 2521 1072 2577 Prmaef
1098 2523 1134 2578 ad

130 2595 342 2683 Maniliump
359 2605 444 2668 XIV
460 2609 569 2666 Worr.
