2906 5010
323 431 400 508 276

323 619 415 708 κῶς·
460 616 523 692 sed
557 616 768 718 simplicitet·
805 613 972 712 τάγηνον
1002 615 1108 711 σίζον
1142 618 1221 692 sine
1255 619 1324 694 illo

324 752 515 831 τευθίδων
540 755 597 830 vix
627 753 759 853 opinor
784 749 940 825 dixisset.
991 752 1192 828 Seet.101.
1220 755 1325 828 locus

324 889 547 964 Pherecratis
568 889 620 962 sie
646 885 821 986 loctindus
845 906 881 960 et
909 887 1161 986 corrigendus,·

427 1138 478 1154 --
492 1139 541 1152 --
565 1093 640 1180 πῶς
665 1088 716 1166 ἂν
737 1079 809 1166 οὖν
834 1087 1007 1188 κομίσειὲ
1029 1118 1100 1190 μοι

386 1201 390 1210 .
433 1234 496 1316 Τις
516 1223 767 1326 θομαλῶπων
790 1217 861 1301 ὦδε
881 1224 1025 1326 μεστὴν
1043 1225 1235 1344 ἐσχάρανῑ

325 1433 420 1506 Sect.
445 1455 531 1511 102·
561 1426 754 1504 Menandri
777 1429 899 1503 locum
924 1427 974 1500 sic
996 1429 1130 1503 scribe:

530 1643 572 1658 -
593 1641 646 1657 --
663 1593 811 1692 ἡγεῖται
837 1594 876 1695 μ’
903 1592 1000 1683 ὅλως

527 1728 782 1809 Ἑπικόωανόν
795 1761 846 1810 ,τι
870 1767 1022 1830 --ι-
1048 1787 1052 1794 .

326 1942 393 2016 Me
419 1941 564 2035 quidem
586 1942 698 2033 plane
723 1953 888 2009 mensam
913 1939 1169 2034 coquinarium
1199 1959 1323 2035 quan-

326 2081 417 2147 dam
447 2078 645 2146 existimat.
680 2071 787 2163 (adeo
819 2100 877 2146 me
910 2073 1116 2148 verberibus
1146 2073 1324 2162 concidit)

187 2191 195 2210 s
240 2191 529 2282 50⁵sect.105.
581 2207 727 2280 Solonis
749 2208 908 2303 jumbum
931 2206 1030 2281 dolet
1055 2207 1146 2282 mihi
1166 2237 1187 2282 a
1211 2232 1247 2284 te
1270 2215 1325 2304 ju·

328 2343 491 2442 gulatum
517 2367 610 2435 esse,
643 2370 727 2415 eum
752 2363 815 2416 tuo
843 2341 984 2419 πευοίδ.
1038 2342 1168 2432 Quid?
1201 2371 1323 2417 nonne

329 2507 371 2552 ex
397 2478 471 2550 illis
492 2480 534 2553 οἱ
558 2481 633 2576 μὲν
660 2477 743 2551 sutis
767 2499 923 2576 constat,
957 2477 1099 2551 nullum
1126 2505 1185 2576 uas
1212 2480 1323 2551 antei·

327 2614 435 2688 visse:
470 2615 607 2711 οἱμὲν
642 2613 740 2686 euim
769 2640 909 2714 semper
938 2614 1101 2688 inchoat:
1140 2615 1206 2688 sed
1247 2615 1325 2712 ipse

327 2771 448 2844 versus
484 2745 580 2820 illud
619 2770 723 2822 tuum
753 2749 897 2822 turcilla
938 2747 1095 2849 expellit.
1159 2745 1326 2822 Seriben·

331 2883 437 2978 dum,
463 2905 522 2957 aut
546 2883 749 2960 σπεύδουσι
772 2881 830 2978 δ’,
857 2904 919 2957 aut
940 2881 1090 2959 διδοῦσι
1114 2881 1171 2977 δ’,
1197 2884 1326 2964 autsi-

330 3001 416 3092 mile
442 3018 534 3117 quid
554 3015 777 3121 trisyllabos.
830 3019 924 3093 Sect.
945 3025 1026 3092 105.
1051 3018 1154 3093 loeus
1177 3021 1326 3111 Cratini,

210 3189 215 3200 ·
321 3133 525 3228 'Eubtuxsv
566 3154 757 3245 βαλάνων
791 3154 938 3248 ἄβακα
973 3154 1048 3242 τῶν
1078 3158 1131 3232 ἐκ,
1156 3153 1325 3254 φιττὲως.

329 3287 395 3356 ubi
423 3287 593 3361 Kuhuius
629 3291 775 3390 corrigit
807 3288 1002 3382 Πιτθέως,
1038 3288 1116 3362 scil·
1148 3317 1192 3364 ex
1215 3291 1325 3364 domo

328 3415 476 3495 Pitthei.
525 3423 689 3520 Frustra3
723 3427 826 3526 quasi
857 3425 1020 3498 Pittheus
1050 3409 1186 3498 Thesei
1217 3452 1328 3500 avuu-

292 3561 294 3566 '
329 3537 442 3628 culus*
463 3556 504 3629 iu
540 3555 627 3632 vivis
666 3581 757 3634 esset
795 3581 907 3636 aetate
947 3558 1102 3652 Cratiui3
1158 3564 1328 3660 Ceterum

331 3691 412 3790 quis
437 3718 511 3765 non
542 3693 641 3770 videt
671 3700 794 3774 locum
818 3693 1018 3796 quendam,
1053 3693 1120 3766 uhi
1151 3696 1328 3786 βάλανοι

331 3848 543 3921 nascuntur,
575 3857 650 3907 non
681 3831 869 3909 hominem
902 3827 1091 3927 designari.
1145 3830 1329 3929 Equidem

333 3959 383 4032 sic
406 3961 567 4061 legerim,

348 4123 529 4222 Έιὲδωκο
549 4129 740 4221 βαλάνων
766 4130 911 4227 cistam
939 4134 1014 4209 τῶν
1028 4137 1081 4210 ,ἐκ
1111 4132 1290 4222 Φελλέως.
