2918 5008
345 427 391 496 80

348 603 418 686 quis
439 603 617 686 suspicetur.
659 599 700 668 Et
717 599 911 665 iuAndriee
934 601 1060 684 quidem
1082 604 1229 684 prologo,
1249 605 1358 680 fateor,

346 727 414 768 non
427 703 565 768 nisiduo
584 706 647 767 looi
665 715 754 783 sunt,
774 705 811 764 in
832 707 944 802 unibus
964 726 1036 768 eum
1058 708 1218 770 aberrasse
1239 729 1260 768 a
1283 729 1356 771 vero

347 819 470 893 putem:
511 811 618 892 plures
650 808 687 870 in
712 809 842 890 prologo
874 805 1027 868 Eunuchi.
1091 807 1167 870 Erat
1194 812 1227 872 ei
1255 807 1360 872 auten

347 924 473 994 praeter
493 915 618 974 solitum
638 913 725 974 illem
748 911 909 972 audacium
929 911 990 972 elie
1010 912 1046 970 iu
1068 911 1234 988 Terentio,
1265 915 1360 994 euque

347 1015 466 1097 duplex
482 1017 522 1076 ed
539 1037 677 1078 errorem
697 1016 895 1096 proclivitas,
916 1035 996 1092 une,
1019 1015 1102 1093 quod
1120 1016 1256 1076 nimium
1275 1017 1359 1076 festi-

347 1121 442 1181 nebat
462 1120 544 1180 hano
568 1120 752 1195 editionem,
775 1119 888 1194 ultera,
911 1117 1011 1197 quod,
1043 1136 1138 1196 quum
1158 1115 1208 1178 Fr.
1228 1117 1358 1178 Herium

346 1223 567 1300 innecteretur,
593 1221 752 1304 cupidius,
775 1241 853 1300 quae
875 1219 968 1301 hujus
988 1221 1172 1280 viderentur
1196 1221 1358 1301 negligen-

347 1325 423 1386 u'sm
450 1345 594 1407 urguere,
633 1323 824 1404 exquirebat
869 1322 931 1384 Sed
959 1322 1104 1384 secedam
1134 1322 1174 1385 ed
1200 1344 1281 1384 rem.
1320 1325 1355 1384 ln

337 1417 476 1510 ¹prolude
504 1424 642 1488 Andriae
671 1447 702 1488 v.
724 1446 754 1506 9.
777 1425 894 1488 edidit:

475 1557 653 1627 Menander
665 1560 751 1643 feeit
774 1559 932 1622 Andriam
952 1573 982 1620 et
1004 1560 1215 1623 Perinthiam.

473 1669 530 1749 qui
551 1667 707 1724 utramvis
729 1671 809 1722 reete
831 1667 935 1735 norit,
965 1665 1073 1724 ambae
1091 1669 1223 1725 noverit.

473 1770 603 1830 nonita
624 1765 865 1825 dissimilium
885 1779 1066 1847 argumento
1076 1816 1087 1844 ,
1111 1779 1140 1826 et
1161 1781 1273 1828 tumn

473 1870 622 1934 dissimili
643 1872 877 1929 orationessunt
893 1869 1008 1954 saetae
1029 1893 1068 1929 ac
1091 1873 1173 1932 stilo.

343 2007 382 2070 In
401 2009 491 2070 libris
513 2019 559 2068 est
580 2005 638 2066 sed
654 2018 778 2092 tumen,
814 2007 896 2087 quod
918 2027 1011 2086 quum
1034 2018 1132 2066 metro
1153 2016 1352 2088 repugnaret,

343 2111 572 2172 emendandum
596 2109 706 2188 fuisse,
740 2129 805 2168 non
824 2120 870 2168 est
889 2111 1027 2170 dubium.
1084 2109 1192 2170 Posuit
1222 2130 1300 2190 ergo
1325 2123 1353 2168 et

342 2223 466 2284 tamen,
492 2212 576 2292 quod
596 2211 693 2270 tribus
717 2209 879 2269 confirmat
900 2214 1093 2292 argumentis.
1136 2211 1257 2272 Eorum
1279 2212 1353 2272 ulti-

342 2336 430 2376 mum
460 2322 567 2394 aperte
598 2312 735 2392 argutius·
769 2333 861 2394 quem
896 2317 998 2375 verius
1035 2326 1091 2374 est.
1141 2314 1224 2374 Nem
1260 2336 1353 2395 quum

255 2427 257 2436 “
342 2416 483 2477 Donatus
505 2415 633 2490 scribet,
654 2411 711 2472 sed
728 2427 851 2491 tumen,
874 2411 1093 2483 ἀνακόλουθον
1109 2429 1171 2475 est.-
1192 2421 1352 2476 nonenim

342 2539 440 2602 supra
455 2521 563 2600 posuit
587 2515 738 2597 Quidem,
758 2509 870 2598 probet
889 2519 966 2604 hoo,
989 2521 1226 2601 contenditque,
1254 2525 1282 2581 si
1298 2519 1353 2579 sed

341 2636 445 2682 tamen
466 2623 636 2702 scripsisset
658 2619 836 2697 Terentius,
861 2621 999 2682 debuisse
1018 2644 1089 2683 eum
1110 2626 1204 2684 etiem
1224 2623 1350 2706 quide-m

340 2747 477 2818 ponere3
504 2746 606 2801 nunu,
638 2743 733 2804 quum
754 2742 819 2782 non
841 2727 1041 2804 praecesserit
1062 2725 1206 2806 quidem,
1239 2749 1349 2787 conse-

342 2851 439 2910 quens
462 2850 544 2903 esse,
562 2838 598 2887 nt
620 2838 649 2885 et
669 2838 774 2884 tamen
794 2826 835 2885 sit
855 2847 930 2886 vera
948 2828 1050 2887 lectio.
1094 2829 1135 2888 At
1152 2829 1230 2889 haec
1250 2833 1348 2890 ratio-

340 2931 642 2992 cinatio‘falsissime
663 2940 717 2990 est.
761 2927 840 2988 Num
858 2930 885 2987 si
903 2947 1013 2989 verum
1035 2929 1094 3004 e'st,
1117 2933 1156 2992 ad
1171 2931 1229 2989 sed
1242 2945 1347 2992 tamen

280 3039 282 3046 ‘
339 3035 458 3114 requiri
475 3031 618 3114 quidem,
640 3033 675 3091 in
693 3051 784 3112 quam
805 3053 872 3093 rem
892 3032 952 3092 duo
974 3035 1117 3114 exempla
1136 3034 1242 3113 offert,
1264 3037 1346 3096 nihil

340 3138 426 3198 aliud
441 3139 586 3197 concludi
602 3146 721 3218 potest,
744 3155 844 3214 quam,
865 3135 921 3194 ubi
943 3136 1066 3216 quidem
1088 3137 1177 3214 desit,
1199 3159 1267 3197 non
1284 3161 1343 3220 po-

337 3241 432 3302 tuisse
448 3241 506 3298 sed
516 3253 620 3300 tamen
635 3238 717 3314 dioi3
740 3258 805 3296 non
826 3237 936 3314 etiam,
957 3239 1124 3300 dicendum
1138 3241 1235 3300 suisse
1249 3253 1280 3301 et
1294 3254 1343 3300 ta-

337 3361 415 3399 men.
465 3343 508 3402 At·
527 3363 602 3402 vero
625 3343 717 3401 etium
736 3340 823 3420 prius
844 3339 924 3398 illud
944 3341 1056 3402 falsum
1077 3363 1158 3418 esse,
1198 3346 1251 3405 vel
1275 3347 1341 3405 sine

297 3463 316 3524 9
339 3439 496 3524 exemplis¹
518 3455 661 3524 apertum
689 3452 743 3502 est.
788 3441 871 3514 Quid
892 3455 994 3503 autem
1022 3445 1049 3503 si
1077 3445 1144 3525 ipse
1175 3445 1342 3510 Terentius

336 3547 428 3608 etium
441 3547 516 3607 alibi
532 3547 577 3606 sic
591 3545 752 3626 loquitur?
795 3545 839 3604 Ao
861 3545 938 3631 fecit
958 3547 992 3605 in
1014 3547 1145 3627 Adelph.
1164 3547 1213 3608 lv.
1235 3553 1266 3626 4,
1294 3553 1342 3612 15.

462 3669 547 3728 sensi
567 3666 639 3726 ilico
660 3665 705 3725 ud
725 3663 797 3722 illus
818 3668 993 3744 suspicari:
1014 3665 1070 3724 sed
1087 3686 1135 3724 me
1154 3668 1340 3748 reprehendi

754 3780 866 3826 tamen.

336 3887 432 3950 Aliud
462 3897 674 3968 argumentum
712 3887 750 3946 ab
786 3855 961 3966 Eugraphio
993 3887 1087 3966 petit,
1128 3887 1211 3966 apud
1239 3908 1338 3970 quem,

277 4023 289 4055 f
334 3991 417 4068 quod
439 3991 505 4070 ipse
526 3991 719 4071 conjecerat,
765 3999 795 4046 et
815 3999 919 4048 tumen
940 3990 1087 4069 scriptum
1115 3990 1157 4048 sit
1185 3991 1226 4050 ad
1253 4013 1284 4052 v.
1310 3993 1336 4049 8.

332 4089 373 4151 Et
393 4093 438 4152 ita
459 4115 532 4154 sene
554 4092 651 4178 edidit
672 4077 952 4154 Lindenbruohins.
995 4092 1057 4150 Sed
1080 4092 1178 4154 editio
1202 4075 1336 4154 Wester·

332 4193 481 4270 hoviene,
514 4199 549 4276 ,in
572 4214 631 4276 que
654 4215 670 4254 e
691 4195 809 4256 duobus
832 4194 919 4254 MSS.
944 4195 1042 4256 editus
1065 4205 1111 4254 est
1132 4193 1333 4282 Eugrephius,
