2986 4980
299 443 303 452 .
332 441 381 518 5⁰
405 421 406 426 ¹
470 481 473 488 ¹

331 617 515 710 Andreae,
549 616 616 716 qui
643 609 957 712 in'Ma'rpurgensi
980 611 1164 687 Cattorum
1193 617 1334 690 Acade

331 757 402 844 mia
434 777 564 854 magno
604 773 688 823 carm
706 746 899 850 'applausu
931 751 1184 851 interpretatur
1216 781 1332 826 sacras

327 891 477 964 litteras.
526 886 670 986 Magnis
694 885 854 985 passibus
876 885 923 957 ad
945 907 1110 985 paternae
1131 889 1248 960 laudis
1271 889 1333 962 de-

328 1051 395 1098 nus
419 1020 604 1124 proeediti
631 1014 635 1023 ¹
663 1020 802 1110 Nobis,
834 1019 1011 1144 quamdiu
1032 1023 1094 1096 hic
1122 1025 1214 1122 egit,
1249 1053 1333 1124 pro·-

328 1153 583 1258 lsarit'ingeaii
608 1158 664 1230 sui
686 1151 956 1257 praestantiam,
981 1158 1265 1258 singularemque
1291 1159 1332 1231 ira

330 1292 543 1370 excidendis
568 1317 686 1366 saorae
708 1291 932 1392 Theologiae
954 1291 1084 1365 studiis
1106 1291 1331 1372 iudustriam.

327 1421 414 1504 Hoo'
430 1429 575 1508 santiae
589 1427 777 1505 contendit
791 1428 830 1501 in
844 1450 995 1504 vestram
1009 1430 1148 1502 beatam
1166 1428 1332 1520 insulam,

327 1585 371 1639 ut
394 1555 463 1638 thr
479 1538 649 1640 collectas
677 1563 818 1662 ingenii
845 1590 933 1664 opes
960 1584 1085 1663 augeat
1112 1586 1148 1637 et
1178 1581 1330 1663 aggeret.

250 1717 253 1722 '
325 1699 450 1791 Quod:
479 1687 596 1772 senile*
615 1722 653 1774 se
685 1719 959 1772 consecuturam
990 1700 1187 1793 existimat,
1227 1699 1332 1780 site,

327 1835 518 1936 singulm
532 1831 741 1908 Britanniae
765 1852 847 1907 tuae
876 1832 1008 1928 decm,·
1035 1833 1156 1910 videre
1180 1833 1249 1906 sihi
1268 1831 1332 1908 da-

326 1972 437 2050 bitur.
457 1976 552 2065 '.'I'u‚
575 1970 630 2044 vir
648 1969 913 2064 humanissime,
938 1995 1013 2041 non
1032 1967 1213 2044 invidebis
1232 1997 1332 2068 egre·

326 2107 388 2208 gio
402 2105 528 2204 {uveni
544 2105 649 2178 laune
667 2105 805 2196 itineris
827 2107 993 2180 fructum.
1038 2103 1150 2192 Quod
1171 2106 1202 2177 si
1223 2105 1331 2178 etiam

326 2267 477 2342 magnos
509 2229 698 2326 Antistius
723 2237 903 2313 Ecclesiae
929 2262 1063 2315 vestrae
1085 2238 1331 2339 compellandi

233 2391 236 2407 “
328 2363 466 2456 aditum
482 2377 521 2450 ei
544 2374 745 2476 aperueris,
781 2375 992 2454 cumulabis·
1004 2397 1066 2448 tua
1088 2373 1274 2450 beneficia.

261 2525 311 2616 59
399 2502 703 2606 Licinianum,
742 2538 830 2608 quas
856 2511 1061 2612 nuperrime
1086 2509 1172 2584 dedi
1205 2511 1254 2582 ad
1282 2532 1331 2606 te,

322 2649 463 2754 priores
504 2645 654 2746 quidem
695 2645 734 2718 in
766 2673 856 2744 quas
887 2646 960 2718 duo
986 2645 1075 2724 folia
1105 2653 1330 2744 conjeceram

324 2785 630 2884 Epigrammatum
656 2781 870 2864 Callimachi
894 2810 978 2854 cum
1000 2781 1071 2852 tuis
1093 2802 1129 2853 et
1149 2780 1329 2855 variorum

323 2919 438 3012 notis,
471 2940 507 2991 et
535 2917 726 3017 Speoimen
749 2915 918 2991 editionis
942 2915 1192 3009 ManethoniS,
1220 2945 1328 3014 quam

322 3053 362 3126 iu
386 3051 579 3127 Germania
604 3052 822 3148 moliuntur3
861 3053 1006 3145 alteras,
1035 3052 1166 3151 quibus
1193 3053 1329 3151 signifi·

252 3263 261 3278 p
323 3215 462 3280 caram,
491 3210 549 3268 me
572 3204 650 3256 tuas
672 3163 996 3261 animadversiones
1019 3187 1058 3259 iu
1081 3189 1217 3289 reliqua
1241 3189 1328 3287 Epi-

323 3341 528 3421 grammata,
555 3339 591 3393 et
611 3319 741 3418 partim
757 3321 1052 3428 Fragmentomm
1068 3323 1327 3422 elegantissime

280 3536 282 3544 ,
323 3455 622 3557 concinnatortun
657 3455 854 3553 accepisse,
902 3477 938 3530 et
969 3479 1086 3530 cetera
1124 3477 1327 3555 exspectare

324 3569 575 3688 cupidissime,
609 3561 780 3684 nuncios,
814 3592 878 3691 qui
905 3589 993 3664 hinc
1024 3591 1159 3664 litteras
1190 3583 1236 3662 ad
1264 3619 1327 3667 vos

315 3725 529 3825 perferunt,
558 3724 625 3798 tibi
648 3721 849 3798 reddidisse
875 3753 992 3825 spero.
1038 3725 1146 3800 Nunc
1169 3725 1326 3798 intanta

324 3857 552 3931 festinatione
578 3857 669 3956 quid
695 3859 827 3933 addam
853 3836 927 3933 iton
956 3859 1087 3933 habeo.
1139 3861 1181 3934 Si
1202 3860 1327 3959 digna·

302 3991 421 4066 'heris
440 3965 497 4064 me
516 3994 707 4068 certiorem
731 3993 882 4068 reddere
906 3994 998 4105 quid
1020 3995 1127 4094 agites
1148 3971 1230 4068 cum
1252 4023 1326 4067 ma-

313 4123 432 4222 'xime
458 4127 551 4198 etin
576 4127 706 4226 quihus
729 4127 856 4202 studiis
880 4150 939 4201 tua
960 4151 1118 4205 versetur
1139 4129 1327 4224 industria,
