2918 5008
112 583 274 650 rocabulo,
288 600 366 664 ςιιαο
385 580 540 661 incipere:
562 595 639 659 quae
661 563 818 638 restauro
840 576 943 637 minus
966 555 1113 652 offensioss

113 679 164 750 nis
183 687 293 762 habet,
313 685 397 765 quod
418 683 550 745 alterum
573 681 706 760 quaein
728 683 804 760 arsi,
827 682 958 742 alterum
977 682 1014 741 in
1030 681 1113 742 thesi

115 799 170 859 est.
212 789 280 849 Hoc
299 808 391 863 vero,
414 785 505 866 quod‘
519 785 558 844 de
578 784 773 865 oppositione
789 787 955 848 ¹verborum
975 805 1061 844 nunc
1082 793 1113 844 et
1160 773 1169 790 ’

23 911 25 916 ’
111 904 182 975 post
211 892 305 968 dicit,
347 900 412 950 tam
435 896 482 949 est
503 887 632 963 falsum,
675 907 767 967 quam
795 889 878 967 quod
906 871 1120 950 falsissimum.¹

114 996 162 1056 Re
190 1015 264 1078 sanc
292 993 351 1053 illa
377 991 520 1072 opposita
547 989 607 1049 sibi
632 998 720 1050 sunt:
751 999 784 1050 at
803 993 1063 1070 pronunciatione
1082 1001 1114 1052 et
1155 1049 1157 1062 ,

113 1101 216 1160 forma
238 1097 385 1158 orationis
406 1114 472 1153 non
495 1101 568 1150 sunt
587 1081 738 1172 oppositass
791 1091 916 1171 Essent,
947 1097 974 1155 si
996 1098 1040 1156 sio
1065 1095 1116 1155 di.

115 1201 227 1279 nisset,
264 1220 347 1258 nunc
369 1217 448 1278 quae
471 1193 713 1267 condonabitur,
749 1194 806 1254 scd
820 1198 1019 1303 proferentur
1035 1210 1114 1278 post.

115 1303 156 1364 Et
177 1313 245 1362 tum
268 1303 396 1362 omnino
419 1301 462 1358 sic
482 1299 578 1358 verba
600 1298 782 1358 collocanda
800 1299 941 1360 fuissent.
991 1301 1031 1361 At
1049 1324 1116 1362 non

118 1405 223 1482 estita
238 1388 473 1483 loquutus,scd
494 1402 593 1460 molto
616 1401 789 1476 venustius,
810 1404 907 1463 multo
925 1408 1117 1466 convenien-

115 1510 179 1568 tius
201 1507 350 1568 familiari
372 1505 507 1568 sermoni
533 1503 650 1578 dixit,¹
674 1524 753 1583 quoe
773 1526 859 1564 nuuc
881 1506 1116 1580 condonabitur,

117 1612 207 1698 uculo
229 1610 295 1668 ictu
317 1609 456 1668 excitans
478 1625 587 1670 vocem
610 1626 712 1682 nuuc,
748 1618 780 1668 et
807 1607 919 1668 finiens
946 1609 995 1670 his
1015 1605 1118 1673 verbis

117 1715 300 1774 orationem.
344 1709 417 1769 Post
434 1710 558 1769 demum
579 1710 609 1768 ei
629 1711 664 1768 in
684 1719 819 1770 mentem
839 1714 925 1772 venit
944 1717 1036 1774 otiam
1055 1717 1117 1775 ali-

119 1816 195 1910 quicl
218 1813 464 1875 comminationis
487 1813 635 1893 adjicere:
671 1813 755 1872 unde
783 1813 874 1872 dicit:
912 1835 998 1894 quac,
1008 1819 1119 1899 profe.
1183 1847 1185 1853 s

117 1929 227 1977 rentur
250 1928 331 1998 post.
389 1913 461 1973 Hoc
476 1925 548 1994 post
569 1934 644 1974 vero
671 1915 799 1974 omnino
821 1917 855 1974 in
879 1919 943 1976 ictu
963 1920 1040 1999 poni
1063 1922 1118 1980 de-

117 2023 228 2098 bebat,
263 2021 333 2098 quia
353 2006 521 2098 opponitur
541 2018 592 2076 illi
612 2037 698 2077 auae
718 2018 802 2097 quod
820 2029 892 2080 ante
912 2022 1028 2082 dictum
1049 2024 1119 2084 fue-

119 2133 184 2184 rat:
205 2123 259 2188 sed
273 2141 359 2180 auno
373 2137 468 2202 quum
490 2122 628 2197 dicebat,
650 2122 792 2181 nondum
812 2124 846 2182 in
867 2126 970 2184 animo
988 2127 1120 2186 habebat

121 2228 152 2286 ei
173 2225 296 2304 aliquod
311 2235 382 2304 post
404 2245 578 2304 opponere:
599 2245 692 2304 quare
713 2244 777 2283 non
798 2234 922 2306 poterat
939 2247 1023 2286 nunc
1042 2229 1121 2288 illud

120 2331 187 2388 ictu
215 2329 298 2406 erigi.
348 2324 438 2386 Falsa
457 2346 529 2406 ergo
553 2314 706 2404 scriptura
734 2335 779 2385 est
806 2327 921 2386 codicis
947 2330 1047 2407 illius,
1089 2341 1121 2390 et

38 2494 43 2504 ,
121 2439 246 2510 argutae
265 2431 366 2510 potius
388 2421 522 2488 exilitati
543 2427 676 2490 rhetoris
696 2427 842 2506 alicujus,
865 2447 955 2508 quam
971 2451 1068 2514 purae
1090 2441 1122 2490 et

121 2532 258 2614 simplici
282 2533 453 2612 elegantiae
477 2530 504 2589 T
507 2531 619 2590 orentii
640 2529 838 2596 conveniens.
943 2507 947 2528 ’
1097 2533 1099 2539 ’

207 2633 308 2694 Versu
326 2635 376 2696 25.
398 2635 434 2694 in
453 2635 544 2694 libris
563 2641 624 2692 est:
699 2677 709 2694 ,
989 2619 991 2631 ’
1146 2655 1187 2720 ¹7.

257 2737 400 2798 Colacem
419 2757 485 2795 csse
507 2737 614 2797 Nasoi
634 2737 799 2820 cthlauti
820 2747 950 2799 oetwcm
963 2737 1121 2820 fabulam.

119 2840 243 2922 „Colax
268 2839 370 2900 Plauti
378 2841 416 2916 ,“
452 2840 572 2920 inquit,
614 2862 659 2916 „a
686 2839 788 2900 Nonio
819 2841 970 2900 Marcello
994 2843 1125 2917 citatur;
1229 2872 1232 2880 ν

122 2943 243 3023 „Naeui
263 2941 360 3002 Colax
380 2963 528 3023 nusquam
549 2953 753 3004 memoratur:
774 2964 847 3004 nam
867 2965 945 3022 quac
966 2947 1124 3025 superiore

123 3046 267 3126 „saeculo
297 3047 379 3126 apud
406 3046 544 3105 Nonium
567 3055 599 3106 et
621 3045 811 3126 l'riscianum
838 3046 1018 3107 serebantur
1042 3059 1125 3109 tam-

124 3169 239 3229 „quam
270 3168 309 3208 ex
336 3149 447 3210 Naevii
468 3134 594 3222 Cilace,
633 3169 668 3207 ea
688 3151 748 3229 jam
772 3168 813 3207 cx
828 3143 1050 3210 'istustioribus
1073 3171 1126 3209 co-

125 3251 267 3330 „dinibus
290 3251 392 3312 Novio
412 3253 599 3310 tribuuntur.
641 3250 721 3309 Mira
742 3271 817 3311 vcro
838 3251 956 3311 locutio
977 3262 1039 3328 est,
1062 3271 1127 3312 essa

126 3355 297 3436 „Colacem
312 3307 438 3424 risset,
460 3365 491 3414 ct
510 3365 640 3414 voterem
651 3352 802 3435 fabulam
821 3354 939 3414 Plauti.
986 3355 1129 3416 Veterem

125 3458 241 3537 „modo
262 3439 415 3518 sabulone!
446 3478 487 3516 an
506 3433 629 3517 nullrir'u
651 3459 679 3516 ei
696 3477 810 3518 nomen
832 3457 919 3516 erat?
948 3469 979 3518 et
1000 3479 1055 3517 cur
1073 3478 1128 3517 oc·-

127 3572 242 3638 „terem
272 3560 312 3619 da
340 3560 507 3634 Plautinis,
548 3579 618 3618 cum
639 3557 816 3620 Naevianae
839 3569 941 3619 essent
958 3561 1022 3618 illis
1042 3570 1131 3620 vete-

37 3663 40 3670 ’
127 3662 267 3740 „rioresl
311 3661 468 3740 Denique,
505 3663 531 3720 si
549 3660 626 3720 haec
645 3681 720 3720 vera
740 3663 833 3721 lectio
855 3672 918 3736 est,
955 3663 992 3722 in
1011 3683 1049 3722 eo
1069 3683 1130 3742 quo

127 3775 271 3854 „accusat
300 3764 426 3824 Luscius
455 3763 652 3839 'serentium
693 3767 785 3824 ctiam
814 3774 948 3826 excusat.
1010 3765 1132 3846 Quippe

128 3869 174 3944 „si
198 3877 307 3927 noster
332 3868 451 3927 furatus
475 3869 515 3926 sit
540 3887 704 3946 personam
725 3869 854 3947 parasiti
875 3879 907 3927 et
929 3867 1038 3927 militis
1062 3878 1094 3927 ct
1114 3888 1133 3925 a

128 3971 258 4050 „Plauto
276 3980 312 4030 ‘et
333 3992 351 4029 a
372 3971 508 4049 Naevio,
546 3970 637 4030 etiam
664 3970 789 4030 Plautus
808 3991 894 4030 suam
916 3993 933 4030 a
953 3957 1073 4032 Naevio
1094 3972 1135 4030 sit

128 4074 276 4149 „furatus
325 4072 477 4153 Exemplo
506 4073 601 4152 igitur
629 4073 697 4152 ipso
729 4074 880 4132 accusatio
910 4075 1049 4133 difflatur.
1102 4069 1136 4130 si

130 4175 236 4252 „haec
252 4175 434 4258 displicent,
474 4175 511 4234 da
533 4178 723 4238 correctione
746 4177 941 4256 cogitandum
967 4179 1032 4238 erit.
1076 4174 1137 4234 Co-
