2918 5008
1082 427 1125 496 ss

114 629 222 672 carere
242 615 326 668 certe
347 605 527 684 potuissent
572 599 635 662 cur
655 603 758 664 sutein
777 601 829 663 hic
852 601 947 679 illud,
981 603 1043 665 nisi
1062 603 1132 666 'de-²

42 763 55 776 ,
113 711 253 793 cipiendi
282 711 407 769 lectoris
438 711 558 781 ceussa,
587 708 684 766 tacuit
708 705 881 782 Bentleius,
929 715 961 767 et
985 725 1053 765 non
1081 709 1122 770 ad

112 815 228 875 Heaut.
248 811 286 872 lt.
308 811 345 888 4,
368 827 416 870 12.
445 809 500 868 ubi
519 807 613 888 plane
633 809 700 902 ita,
713 817 749 868 ut
772 819 803 868 et
823 808 965 890 Donatus
985 819 1017 869 et
1038 809 1121 869 Pris-

112 919 223 978 'cianus
247 913 394 976 videntur
414 911 566 986 voluisse,
594 912 713 971 scribit:
748 915 897 988 „mutatio
920 914 1121 988 cernamus,
1145 917 1183 977 13

112 1029 171 1097 „ut
192 1017 271 1077 Eun.
293 1015 413 1094 Prolog.
435 1017 466 1073 si
486 1015 649 1092 quiequam
668 1026 715 1072 est
735 1048 777 1060 -
797 1011 833 1074 iu
851 1013 931 1076 leis.“
980 1014 1026 1074 Ita
1051 1037 1120 1075 om-

112 1123 165 1182 nis
185 1119 242 1180 illa
263 1118 428 1198 disputatio
451 1137 488 1176 eo
511 1117 609 1191 redit,
648 1126 684 1177 ut
708 1116 788 1176 nihil
813 1138 871 1198 pro
896 1120 957 1178 isto
976 1107 1122 1180 studeant

111 1223 297 1306 protulerit,
319 1204 410 1300 quam
430 1227 573 1297 quattuor
594 1219 666 1277 illos
686 1220 783 1279 libros
804 1219 966 1297 Prisciani,
987 1241 1121 1300 qnorum
1159 1225 1165 1256 '¹

82 1356 89 1366 ,
111 1347 181 1387 non
203 1323 330 1386 videtur
349 1341 515 1402 permagna
536 1323 701 1380 auctoritas
725 1343 807 1400 esse,
828 1310 922 1403 quum
946 1333 977 1382 et
995 1335 1120 1404 postre-

113 1449 202 1521 mum
229 1445 354 1486 versum
382 1422 536 1482 addiderit
563 1422 753 1500 Priscianus,
789 1445 890 1504 neque
904 1425 949 1486 de
968 1425 1028 1486 isto
1049 1437 1120 1486 stu*-
1155 1424 1159 1439 ¹

113 1529 209 1592 deant
228 1527 395 1608 quidquam
416 1525 549 1600 dixerit,
571 1535 603 1586 et
623 1525 658 1584 in
681 1525 745 1601 his,
772 1545 850 1604 quas
874 1529 913 1589 da
932 1529 1050 1608 plurali
1070 1529 1120 1589 di-

114 1639 175 1712 oit,
204 1631 301 1694 verba
312 1632 355 1687 ,ia
376 1626 426 1685 itis
446 1629 549 1706 potius
571 1636 723 1709 spectasse
742 1628 900 1706 videatur,
927 1641 962 1690 ut
982 1633 1035 1710 qui
1054 1633 1120 1692 Te-

104 1729 213 1799 ¹rentii
239 1734 343 1794 locum
365 1751 436 1792 cusu
456 1729 515 1790 hoo
537 1729 700 1811 Sophoclis
724 1735 882 1812 comparet
900 1733 933 1792 in
955 1731 1133 1816 Antigona,¹
1197 1775 1198 1780 κ

109 1862 142 1903 v·
167 1855 238 1920 797·
786 1823 788 1829 ’

243 1929 325 2015 deme
344 1930 401 2024 γὰρ
422 1934 514 2013 αὐτὸς
534 1931 555 2021 ἢ
574 1945 698 2022 φρονεῖν
714 1933 807 2021 μόνος
828 1935 921 2016 δοκεῖ,

241 2035 263 2123 ἢ
282 2038 421 2125 γλῶσσαν
428 2086 436 2116 ,
468 2034 507 2124 ἢν
528 2041 584 2104 οὐκ
603 2036 710 2117 ἄλλος,
744 2037 884 2126 iurgia
902 2044 989 2129 ipsse,

243 2134 328 2209 οὗτοι
348 2140 600 2228 διαπτυχθέντες,
629 2137 778 2228 ὤφθησαν
797 2149 886 2210 κενοί,

200 2241 347 2327 Sequitur
367 2247 470 2304 statim
493 2246 576 2326 apud
598 2245 793 2307 Terentium:

239 2361 307 2408 tum
334 2350 365 2408 ai
391 2350 462 2426 qais
484 2359 528 2405 est
536 2389 549 2420 ,
577 2351 632 2426 qui
652 2347 770 2408 dictum
791 2354 824 2409 in
847 2372 879 2409 se
902 2349 1117 2409 inclementius
1203 2407 1206 2420 ,

242 2449 433 2512 existimabit
453 2468 535 2526 esse,
570 2453 617 2508 sic
637 2454 799 2511 existimet.

110 2554 222 2617 Edidit
240 2554 400 2615 Bentleius
422 2537 628 2624 existimarit,
666 2563 696 2614 et
716 2555 796 2614 hanc
819 2554 983 2633 adscripsit
1005 2573 1117 2633 parum

111 2658 339 2720 consideratam
360 2656 607 2716 adnotationem:
652 2655 778 2732 „Plures
808 2676 849 2716 ex
873 2659 987 2716 nostris
1006 2657 1128 2712 eristi-¹
1207 2687 1210 2698 ‹

111 2763 232 2840 „mavit
240 2802 252 2831 ,
279 2781 357 2819 unus
378 2759 577 2818 existimabit·
617 2758 698 2820 Sane
717 2759 872 2819 sententia
889 2759 956 2839 ipsa
976 2759 1117 2818 futurum

110 2863 287 2945 ‚,poetulat:
329 2865 359 2920 si
387 2861 466 2942 quiri
492 2866 525 2922 iu
554 2861 612 2921 hoc
635 2863 762 2942 prologo
787 2861 933 2921 dicturus
952 2873 1000 2919 est
1018 2860 1116 2919 incle-

111 2969 274 3046 „mentius
316 2964 495 3045 Legeudum
515 2976 637 3042 tamen,
666 2967 851 3024 existimarit
870 2984 955 3039 esse,
980 2967 1028 3022 sic
1047 2966 1116 3021 exi-

110 3071 245 3149 „'stimet.
288 3069 326 3128 Si
347 3071 417 3148 qais
438 3070 681 3144 existimaverit,
710 3078 746 3127 ut
762 3089 791 3128 v.
812 3087 838 3126 ι.
861 3069 962 3146 siquis
984 3065 1115 3127 studeat.

110 3171 273 3252 „Donatus
295 3171 335 3230 ed
355 3171 477 3232 locum:
500 3169 685 3247 Existimat,
699 3167 764 3250 pro'
781 3172 993 3230 Existimavit.
1037 3169 1117 3230 Cor-

111 3277 198 3354 „rige
205 3321 215 3353 ,
251 3275 471 3345 Existimarit,
507 3293 566 3354 pro
587 3267 852 3333 Existimsverit.“
899 3272 1009 3354 Neque
1034 3294 1064 3334 v.
1089 3292 1115 3332 1.

111 3378 265 3458 scriptum
286 3385 348 3452 est,
370 3379 490 3456 siquis
511 3375 634 3436 studeat
642 3420 654 3449 ,
676 3395 791 3458 neque,
812 3378 839 3438 si
860 3388 939 3438 esset
955 3375 1115 3456 scriptum,

113 3480 290 3561 comparari
323 3499 394 3540 cum
424 3501 461 3540 eo
491 3490 595 3561 posset
625 3484 655 3541 si
685 3485 755 3562 quis
784 3483 992 3541 existimarit:
1034 3480 1118 3558 quod

111 3585 247 3646 verbum
274 3583 327 3642 hic
354 3583 518 3643 manilesto
545 3604 612 3642 non
647 3595 693 3643 est
727 3584 944 3664 conjunctivus
978 3583 1117 3661 perfecti,

113 3687 171 3748 sed
205 3685 392 3746 indicativus
433 3685 532 3744 futuri
568 3685 678 3744 exacti.
733 3683 891 3744 Donatum
918 3691 1021 3744 autem
1048 3687 1118 3764 quis

102 3772 223 3849 ‘credat
250 3797 315 3846 tam
341 3786 486 3846 inutilem
515 3786 748 3848 adnotationem
775 3787 902 3868 iecisse,
929 3789 1120 3847 existimarit

112 3906 173 3973 pro
202 3889 453 3948 existimaverit?
496 3889 593 3950 Immo
623 3890 746 3970 scripsit
774 3888 844 3950 hie:
876 3891 1035 3950 existimet
1057 3894 1119 3970 (sie

116 3993 201 4054 euim
223 3992 358 4072 legebat,
395 4001 427 4050 et
455 3999 512 4052 ast'
527 3993 588 4052 hoc
618 3993 651 4052 in
679 3993 917 4073 aliquammultis
937 3995 1042 4074 libris)
1060 4017 1120 4076 pro
1194 4039 1196 4046 ι

117 4093 317 4157 existimabit.
362 4091 429 4153 Hoc
458 4096 559 4176 ipsum
585 4105 684 4158 autem
715 4095 924 4169 existimabit,
967 4119 1024 4178 pro
1060 4121 1121 4180 quo

119 4199 213 4261 multi
247 4196 369 4288 librarii
403 4198 524 4280 vulgari
559 4218 664 4262 errore
696 4201 889 4262 existimavit
926 4203 1126 4284 scn'pserunt,

91 2403 102 2433 s
128 2431 130 2438 ,
