2986 4980
285 383 375 471 b

316 579 601 657 Themistoclem
620 579 812 682 signifieat,
839 579 905 680 qui
929 577 1088 654 Persium
1106 579 1197 654 mari
1215 580 1317 677 vicit,

219 717 245 760 ³
317 717 461 790 cumin
486 745 605 817 pugna
626 715 822 794 Salaminia
845 715 1036 812 maximam
1057 716 1207 790 classem
1230 716 1317 790 Per·

318 849 446 946 sicam,
480 878 571 951 quae
600 878 697 926 mare
723 851 906 925 ferebatur·
927 852 1053 925 rexisse
1082 852 1318 927 multitudine

318 986 482 1077 navium,
520 985 639 1062 ludit*
698 985 774 1060 sed
809 986 882 1060 hoc
915 986 993 1061 leve
1034 1007 1103 1082 est,
1136 987 1239 1088 quod
1276 1010 1320 1062 tu

321 1119 469 1214 tectius,
505 1121 638 1218 credo,
669 1120 791 1198 vidisti
814 1121 914 1195 olim.
991 1121 1163 1196 Everardi
1188 1122 1321 1196 Scbcr·

285 1329 298 1344 „
320 1254 429 1328 burni
451 1223 750 1330 cominentarium
775 1256 814 1329 in
838 1256 997 1356 primunr
1019 1257 1154 1330 librum
1175 1257 1322 1350 Manilii

322 1412 463 1464 sumtu
479 1388 681 1492 praedicas,
705 1418 780 1464 non
802 1413 920 1494 potest
934 1419 1008 1468 uon
1024 1393 1137 1468 multa
1155 1377 1332 1468 doctrina

288 1516 475 1599 Vrefertus
498 1553 581 1602 esse.
650 1525 743 1600 Eum
769 1549 811 1600 nt
834 1525 975 1602 videam
1000 1526 1092 1600 mibi
1116 1525 1183 1600 erit
1204 1553 1323 1600 curae.

275 1731 279 1740 ,
323 1657 388 1732 Ad
407 1659 478 1737 hoc
499 1671 629 1762 polinic
651 1660 929 1736 dilucidandum
943 1662 1098 1735 multum
1112 1660 1222 1736 credo
1238 1687 1323 1736 con·

324 1796 442 1870 serent
465 1796 695 1871 Manethonis
715 1807 845 1898 -poitae
867 1796 997 1872 Graeci
1017 1793 1322 1896 &corel-iopam,

266 1963 270 1974 ·
325 1959 419 2030 qnne
448 1955 531 2008 sunt
561 1932 601 2004 in
625 1929 848 2008 bibliotheca
880 1933 1098 2026 Florentino.
1155 1934 1224 2007 Illa
1247 1931 1326 2008 vidi

325 2089 406 2141 ante
426 2067 494 2141 hos
515 2065 659 2166 triginta
678 2095 790 2142 annos
805 2067 908 2170 'apud
932 2068 1069 2142 Lucam
1085 2068 1327 2167 Langerman·

326 2231 414 2276 num
441 2201 774 2300 Hamburgcusem,
807 2229 851 2290 cx
876 2203 1004 2278 codice
1028 2205 1239 2279 Florentino
1263 2203 1326 2279 de·

327 2338 476 2439 scriptu,
515 2337 580 2437 qui
608 2335 844 2434 jamdudum
867 2338 967 2416 obiit.
1021 2339 1180 2438 Operam
1206 2359 1327 2412 tamen

331 2471 442 2567 dabo,
473 2500 566 2546 num
587 2489 630 2566 eit
654 2478 729 2570 ejus
754 2473 893 2574 possint
918 2473 996 2546 crui
1015 2473 1237 2548 bibliotheca
1262 2499 1329 2572 per

328 2608 479 2702 amicos,
505 2607 536 2680 si
556 2628 597 2682 tu
619 2607 683 2682 illa
705 2608 870 2710 requiris.
922 2609 1065 2702 Albenti
1082 2607 1239 2682 Rubenii
1258 2607 1331 2680 dis-

237 2751 240 2758 '
327 2743 472 2818 sectatio
500 2743 545 2817 de
567 2743 621 2820 Fl.
646 2741 979 2818 Mallii.Tbeodori
1004 2743 1084 2838 vita,
1108 2744 1216 2816 simul
1236 2742 1331 2816 mihi

327 2877 505 2974 tradetur,
528 2879 638 2954 simul
659 2880 785 2980 procla
803 2879 950 2953 subibit.
1005 2880 1089 2956 Hoc
1109 2878 1178 2955 viri
1199 2877 1332 2953 doctis·

254 3001 258 3012 ’
329 3012 412 3086 simi
434 3037 469 3115 ot
492 3013 699 3090 amicissimi
719 3014 884 3104 manibus
907 3013 1043 3109 debeo,
1070 3041 1161 3116 quos
1180 3035 1226 3105 ιιιΙ
1242 3042 1332 3114 quo·

269 3197 273 3205 a
332 3175 402 3248 que
416 3148 484 3221 tibi
503 3147 701 3262 devincies,
748 3148 827 3224 Nec
843 3149 917 3246 boc
934 3149 1112 3249 ignorabit
1131 3149 1332 3250 posteritas.

226 3383 229 3388 .
331 3281 486 3362 Memini
511 3312 569 3360 mc
595 3307 673 3366 turn
692 3282 790 3390 apud
812 3284 1020 3366 Gerartium
1044 3311 1188 3384 quoque
1211 3283 1334 3360 vidore

331 3445 406 3490 non
427 3419 541 3500 nullas
568 3420 604 3492 in
621 3417 811 3493 Claudiani
828 3420 1085 3519 Panegyricum
1100 3419 1186 3492 huic
1204 3418 1333 3492 Mallio

334 3527 471 3626 dicturi«
514 3553 840 3630 animadversiones
882 3584 956 3633 non
976 3565 978 3569 ’
996 3555 1248 3656 poenitendas,
1294 3574 1336 3626 ut

333 3685 437 3767 mibi
459 3689 524 3764 illo
564 3711 725 3791 tempore
761 3687 960 3766 videbatur.
1032 3689 1087 3764 Ex
1120 3691 1268 3788 quibus,
1305 3687 1336 3759 si

229 3795 233 3802 Ι
334 3824 418 3898 illae
443 3847 525 3901 sunt
548 3823 643 3926 aput]
665 3839 753 3922 voss
768 3853 859 3924 quac
879 3826 947 3900 tibi
968 3825 1095 3926 dignae
1118 3821 1336 3899 videbuntur

336 3985 410 4031 esse
438 3963 519 4034 lucc
541 3982 686 4062 possent
712 3961 834 4060 seligi,
869 3990 961 4061 quae
986 3960 1141 4036 Rubenii
1168 3957 1337 4029 lucubra-

337 4093 428 4170 tioni
461 4099 768 4194 subtexerentur„
803 4097 880 4170 sed
907 4097 979 4172 hoc
1014 4097 1067 4172 tui
1098 4116 1151 4170 est
1181 4091 1340 4167 consilii.
1444 4197 1447 4202 Ι
