<?xml version="1.0" encoding="UTF-8"?>
<!DOCTYPE html PUBLIC "-//W3C//DTD XHTML 1.0 Transitional//EN"
    "http://www.w3.org/TR/xhtml1/DTD/xhtml1-transitional.dtd">
<html xmlns="http://www.w3.org/1999/xhtml" xml:lang="en" lang="en">
 <head>
  <title>
</title>
<meta http-equiv="Content-Type" content="text/html;charset=utf-8" />
  <meta name='ocr-system' content='tesseract 3.04.00' />
  <meta name='ocr-capabilities' content='ocr_page ocr_carea ocr_par ocr_line ocrx_word'/>
</head>
<body>
  <div class='ocr_page' id='page_1' title='image "./richardibentlei00hermgoog_0408.png"; bbox 0 0 2918 5008; ppageno 0'>
   <div class='ocr_carea' id='block_1_1' title="bbox 371 457 416 532">
    <p class='ocr_par' dir='ltr' id='par_1_1' title="bbox 371 457 416 532">
     <span class='ocr_line' id='line_1_1' title="bbox 371 457 416 532; baseline 0 0"><span class='ocrx_word' id='word_1_1' title='bbox 371 457 416 532; x_wconf 76' lang='grc'><strong>84</strong></span> 
     </span>
    </p>
   </div>
   <div class='ocr_carea' id='block_1_2' title="bbox 365 638 1382 2688">
    <p class='ocr_par' dir='ltr' id='par_1_2' title="bbox 365 638 1382 2688">
     <span class='ocr_line' id='line_1_2' title="bbox 375 638 1382 726; baseline 0.002 -20"><span class='ocrx_word' id='word_1_2' title='bbox 375 645 501 721; x_wconf 69' lang='grc' dir='ltr'><strong>οοτιιωζ</strong></span> <span class='ocrx_word' id='word_1_3' title='bbox 534 643 587 726; x_wconf 90' lang='lat' dir='ltr'><strong>qui</strong></span> <span class='ocrx_word' id='word_1_4' title='bbox 613 640 739 726; x_wconf 78' lang='lat' dir='ltr'><strong>plaeere</strong></span> <span class='ocrx_word' id='word_1_5' title='bbox 765 660 799 704; x_wconf 84' lang='lat' dir='ltr'><strong>se</strong></span> <span class='ocrx_word' id='word_1_6' title='bbox 826 638 972 704; x_wconf 76' lang='lat' dir='ltr'><strong>studeant</strong></span> <span class='ocrx_word' id='word_1_7' title='bbox 999 643 1110 720; x_wconf 74' lang='lat' dir='ltr'><strong>bonis,</strong></span> <span class='ocrx_word' id='word_1_8' title='bbox 1145 645 1200 726; x_wconf 91' lang='lat' dir='ltr'><strong>qui</strong></span> <span class='ocrx_word' id='word_1_9' title='bbox 1225 644 1261 707; x_wconf 85' lang='lat' dir='ltr'><strong>id</strong></span> <span class='ocrx_word' id='word_1_10' title='bbox 1286 656 1382 723; x_wconf 77' lang='lat' dir='ltr'><strong>reete,</strong></span> 
     </span>
     <span class='ocr_line' id='line_1_3' title="bbox 374 745 1381 828; baseline -0.001 -18"><span class='ocrx_word' id='word_1_11' title='bbox 374 759 466 828; x_wconf 81' lang='lat' dir='ltr'><strong>etque</strong></span> <span class='ocrx_word' id='word_1_12' title='bbox 489 765 530 807; x_wconf 84' lang='lat' dir='ltr'><strong>ex</strong></span> <span class='ocrx_word' id='word_1_13' title='bbox 550 747 655 808; x_wconf 72' lang='lat' dir='ltr'><strong>animo</strong></span> <span class='ocrx_word' id='word_1_14' title='bbox 677 745 786 823; x_wconf 78' lang='lat' dir='ltr'><strong>faeiat,</strong></span> <span class='ocrx_word' id='word_1_15' title='bbox 822 748 916 807; x_wconf 86' lang='lat' dir='ltr'><strong>isest</strong></span> <span class='ocrx_word' id='word_1_16' title='bbox 933 745 987 806; x_wconf 89' lang='lat' dir='ltr'><strong>hio</strong></span> <span class='ocrx_word' id='word_1_17' title='bbox 1008 757 1109 828; x_wconf 83' lang='lat' dir='ltr'><strong>poete.</strong></span> <span class='ocrx_word' id='word_1_18' title='bbox 1152 746 1231 826; x_wconf 85' lang='lat' dir='ltr'>Sed,</span> <span class='ocrx_word' id='word_1_19' title='bbox 1263 749 1319 826; x_wconf 88' lang='lat' dir='ltr'><strong>qui</strong></span> <span class='ocrx_word' id='word_1_20' title='bbox 1338 752 1381 809; x_wconf 84' lang='lat' dir='ltr'><strong>sie</strong></span> 
     </span>
     <span class='ocr_line' id='line_1_4' title="bbox 372 848 1381 930; baseline -0.002 -18"><span class='ocrx_word' id='word_1_21' title='bbox 372 852 469 913; x_wconf 77' lang='lat' dir='ltr'><strong>verbu</strong></span> <span class='ocrx_word' id='word_1_22' title='bbox 490 848 549 909; x_wconf 77' lang='lat' dir='ltr'><strong>istu</strong></span> <span class='ocrx_word' id='word_1_23' title='bbox 570 850 846 930; x_wconf 74' lang='lat' dir='ltr'>interpretaretur,</span> <span class='ocrx_word' id='word_1_24' title='bbox 867 849 1073 926; x_wconf 70' lang='lat' dir='ltr'><strong>releuaret,</strong></span> <span class='ocrx_word' id='word_1_25' title='bbox 1099 849 1152 910; x_wconf 83' lang='lat' dir='ltr'><strong>rel</strong></span> <span class='ocrx_word' id='word_1_26' title='bbox 1172 857 1381 930; x_wconf 77' lang='lat' dir='ltr'><strong>urgntesetur.</strong></span> 
     </span>
     <span class='ocr_line' id='line_1_5' title="bbox 372 951 1381 1033; baseline -0.003 -18"><span class='ocrx_word' id='word_1_27' title='bbox 372 954 482 1033; x_wconf 84' lang='lat' dir='ltr'><strong>Neque</strong></span> <span class='ocrx_word' id='word_1_28' title='bbox 504 953 588 1012; x_wconf 87' lang='lat' dir='ltr'><strong>enim</strong></span> <span class='ocrx_word' id='word_1_29' title='bbox 611 951 814 1012; x_wconf 77' lang='lat' dir='ltr'><strong>dubitandum</strong></span> <span class='ocrx_word' id='word_1_30' title='bbox 842 951 984 1028; x_wconf 86' lang='lat' dir='ltr'><strong>videtur,</strong></span> <span class='ocrx_word' id='word_1_31' title='bbox 1017 954 1091 1032; x_wconf 89' lang='lat' dir='ltr'><strong>quin</strong></span> <span class='ocrx_word' id='word_1_32' title='bbox 1112 961 1200 1012; x_wconf 87' lang='lat' dir='ltr'><strong>recte</strong></span> <span class='ocrx_word' id='word_1_33' title='bbox 1225 952 1310 1011; x_wconf 88' lang='lat' dir='ltr'><strong>illud</strong></span> <span class='ocrx_word' id='word_1_34' title='bbox 1334 953 1381 1012; x_wconf 89' lang='lat' dir='ltr'><strong>di-</strong></span> 
     </span>
     <span class='ocr_line' id='line_1_6' title="bbox 372 1053 1380 1137; baseline -0.002 -21"><span class='ocrx_word' id='word_1_35' title='bbox 372 1066 476 1132; x_wconf 84' lang='lat' dir='ltr'><strong>cetur,</strong></span> <span class='ocrx_word' id='word_1_36' title='bbox 507 1058 537 1115; x_wconf 77' lang='lat' dir='ltr'><strong>si</strong></span> <span class='ocrx_word' id='word_1_37' title='bbox 556 1057 722 1137; x_wconf 79' lang='lat' dir='ltr'><strong>quiequam</strong></span> <span class='ocrx_word' id='word_1_38' title='bbox 743 1066 809 1131; x_wconf 78' lang='lat' dir='ltr'><strong>eet,</strong></span> <span class='ocrx_word' id='word_1_39' title='bbox 845 1056 901 1136; x_wconf 82' lang='lat' dir='ltr'><strong>qui</strong></span> <span class='ocrx_word' id='word_1_40' title='bbox 920 1053 1083 1129; x_wconf 69' lang='lat' dir='ltr'><strong>studeant,</strong></span> <span class='ocrx_word' id='word_1_41' title='bbox 1117 1063 1154 1114; x_wconf 89' lang='lat' dir='ltr'><strong>ut</strong></span> <span class='ocrx_word' id='word_1_42' title='bbox 1175 1054 1212 1113; x_wconf 87' lang='lat' dir='ltr'><strong>id</strong></span> <span class='ocrx_word' id='word_1_43' title='bbox 1234 1053 1278 1113; x_wconf 88' lang='lat' dir='ltr'><strong>sit</strong></span> <span class='ocrx_word' id='word_1_44' title='bbox 1296 1054 1380 1114; x_wconf 85' lang='lat' dir='ltr'><strong>idem</strong></span> 
     </span>
     <span class='ocr_line' id='line_1_7' title="bbox 372 1155 1379 1242; baseline -0.004 -23"><span class='ocrx_word' id='word_1_45' title='bbox 372 1181 425 1238; x_wconf 75' lang='lat' dir='ltr'><strong>uc,</strong></span> <span class='ocrx_word' id='word_1_46' title='bbox 448 1162 478 1218; x_wconf 80' lang='lat' dir='ltr'><strong>ei</strong></span> <span class='ocrx_word' id='word_1_47' title='bbox 496 1161 647 1242; x_wconf 82' lang='lat' dir='ltr'><strong>quiquam</strong></span> <span class='ocrx_word' id='word_1_48' title='bbox 667 1155 792 1218; x_wconf 70' lang='lat' dir='ltr'><strong>student</strong></span> <span class='ocrx_word' id='word_1_49' title='bbox 796 1199 810 1230; x_wconf 86' lang='lat'><strong>,</strong></span> <span class='ocrx_word' id='word_1_50' title='bbox 838 1158 970 1238; x_wconf 85' lang='lat' dir='ltr'><strong>ideoque</strong></span> <span class='ocrx_word' id='word_1_51' title='bbox 991 1157 1085 1238; x_wconf 75' lang='lat' dir='ltr'><strong>plene</strong></span> <span class='ocrx_word' id='word_1_52' title='bbox 1106 1157 1288 1238; x_wconf 80' lang='lat' dir='ltr'><strong>comparari</strong></span> <span class='ocrx_word' id='word_1_53' title='bbox 1304 1178 1379 1236; x_wconf 82' lang='lat' dir='ltr'><strong>pos·</strong></span> 
     </span>
     <span class='ocr_line' id='line_1_8' title="bbox 372 1257 1379 1342; baseline -0.005 -21"><span class='ocrx_word' id='word_1_54' title='bbox 372 1263 414 1322; x_wconf 81' lang='lat' dir='ltr'><strong>eit</strong></span> <span class='ocrx_word' id='word_1_55' title='bbox 437 1283 506 1322; x_wconf 90' lang='lat' dir='ltr'><strong>cum</strong></span> <span class='ocrx_word' id='word_1_56' title='bbox 527 1263 603 1338; x_wconf 91' lang='lat' dir='ltr'><strong>illo,</strong></span> <span class='ocrx_word' id='word_1_57' title='bbox 640 1263 808 1342; x_wconf 48' lang='lat' dir='ltr'><strong>uuquam,</strong></span> <span class='ocrx_word' id='word_1_58' title='bbox 841 1271 879 1319; x_wconf 71' lang='lat' dir='ltr'><strong>ut</strong></span> <span class='ocrx_word' id='word_1_59' title='bbox 895 1257 1065 1342; x_wconf 77' lang='lat' dir='ltr'><em>gaudeant.</em></span> <span class='ocrx_word' id='word_1_60' title='bbox 1107 1259 1190 1320; x_wconf 82' lang='lat' dir='ltr'><strong>Num</strong></span> <span class='ocrx_word' id='word_1_61' title='bbox 1212 1263 1379 1340; x_wconf 73' lang='lat' dir='ltr'><strong>quiequam</strong></span> 
     </span>
     <span class='ocr_line' id='line_1_9' title="bbox 371 1363 1377 1440; baseline -0.005 -14"><span class='ocrx_word' id='word_1_62' title='bbox 371 1367 431 1426; x_wconf 79' lang='lat' dir='ltr'><strong>etei</strong></span> <span class='ocrx_word' id='word_1_63' title='bbox 458 1385 523 1426; x_wconf 94' lang='lat' dir='ltr'><strong>non</strong></span> <span class='ocrx_word' id='word_1_64' title='bbox 552 1373 599 1424; x_wconf 86' lang='lat' dir='ltr'><strong>est</strong></span> <span class='ocrx_word' id='word_1_65' title='bbox 627 1380 744 1423; x_wconf 86' lang='lat' dir='ltr'><strong>nomen</strong></span> <span class='ocrx_word' id='word_1_66' title='bbox 773 1363 991 1440; x_wconf 76' lang='lat' dir='ltr'><strong>collectivum,</strong></span> <span class='ocrx_word' id='word_1_67' title='bbox 1028 1374 1134 1422; x_wconf 81' lang='lat' dir='ltr'><strong>tumen</strong></span> <span class='ocrx_word' id='word_1_68' title='bbox 1161 1365 1315 1422; x_wconf 80' lang='lat' dir='ltr'><strong>sententia</strong></span> <span class='ocrx_word' id='word_1_69' title='bbox 1341 1371 1377 1420; x_wconf 89' lang='lat' dir='ltr'><strong>ut</strong></span> 
     </span>
     <span class='ocr_line' id='line_1_10' title="bbox 365 1453 1374 1546; baseline -0.004 -19"><span class='ocrx_word' id='word_1_70' title='bbox 365 1453 598 1527; x_wconf 57' lang='lat' dir='ltr'><strong>sit&#39;oolleotivr</strong></span> <span class='ocrx_word' id='word_1_71' title='bbox 618 1465 708 1526; x_wconf 82' lang='lat' dir='ltr'><strong>fecit:</strong></span> <span class='ocrx_word' id='word_1_72' title='bbox 746 1487 838 1546; x_wconf 84' lang='lat' dir='ltr'><strong>quam</strong></span> <span class='ocrx_word' id='word_1_73' title='bbox 857 1466 951 1545; x_wconf 89' lang='lat' dir='ltr'><strong>plene</strong></span> <span class='ocrx_word' id='word_1_74' title='bbox 972 1466 999 1525; x_wconf 79' lang='lat' dir='ltr'><strong>si</strong></span> <span class='ocrx_word' id='word_1_75' title='bbox 1021 1465 1182 1546; x_wconf 77' lang='lat' dir='ltr'>eloquare,</span> <span class='ocrx_word' id='word_1_76' title='bbox 1218 1467 1292 1524; x_wconf 82' lang='lat' dir='ltr'><strong>talis</strong></span> <span class='ocrx_word' id='word_1_77' title='bbox 1315 1475 1374 1524; x_wconf 87' lang='lat' dir='ltr'><strong>est:</strong></span> 
     </span>
     <span class='ocr_line' id='line_1_11' title="bbox 369 1550 1376 1650; baseline -0.003 -21"><span class='ocrx_word' id='word_1_78' title='bbox 369 1571 399 1630; x_wconf 82' lang='lat' dir='ltr'><strong>ei</strong></span> <span class='ocrx_word' id='word_1_79' title='bbox 424 1571 584 1650; x_wconf 81' lang='lat' dir='ltr'><strong>quisquam</strong></span> <span class='ocrx_word' id='word_1_80' title='bbox 605 1577 665 1646; x_wconf 86' lang='lat' dir='ltr'><strong>est,</strong></span> <span class='ocrx_word' id='word_1_81' title='bbox 694 1569 799 1650; x_wconf 81' lang='lat' dir='ltr'><strong>quales</strong></span> <span class='ocrx_word' id='word_1_82' title='bbox 819 1567 910 1627; x_wconf 88' lang='lat' dir='ltr'><strong>multi</strong></span> <span class='ocrx_word' id='word_1_83' title='bbox 928 1576 1015 1644; x_wconf 80' lang='lat' dir='ltr'><strong>eunt,</strong></span> <span class='ocrx_word' id='word_1_84' title='bbox 1045 1570 1098 1648; x_wconf 86' lang='lat' dir='ltr'><strong>qui</strong></span> <span class='ocrx_word' id='word_1_85' title='bbox 1117 1550 1279 1629; x_wconf 81' lang='lat' dir='ltr'><strong>studeant:</strong></span> <span class='ocrx_word' id='word_1_86' title='bbox 1309 1577 1376 1626; x_wconf 77' lang='lat' dir='ltr'><strong>tnn-</strong></span> 
     </span>
     <span class='ocr_line' id='line_1_12' title="bbox 369 1669 1376 1756; baseline -0.001 -25"><span class='ocrx_word' id='word_1_87' title='bbox 369 1682 445 1732; x_wconf 80' lang='lat' dir='ltr'><strong>tene</strong></span> <span class='ocrx_word' id='word_1_88' title='bbox 469 1675 612 1752; x_wconf 82' lang='lat' dir='ltr'><strong>cuiquem</strong></span> <span class='ocrx_word' id='word_1_89' title='bbox 634 1671 741 1732; x_wconf 81' lang='lat' dir='ltr'><strong>innata</strong></span> <span class='ocrx_word' id='word_1_90' title='bbox 761 1669 909 1732; x_wconf 81' lang='lat' dir='ltr'><strong>vecordia</strong></span> <span class='ocrx_word' id='word_1_91' title='bbox 932 1681 996 1747; x_wconf 88' lang='lat' dir='ltr'><strong>est,</strong></span> <span class='ocrx_word' id='word_1_92' title='bbox 1031 1680 1146 1750; x_wconf 79' lang='lat' dir='ltr'><strong>quanta</strong></span> <span class='ocrx_word' id='word_1_93' title='bbox 1175 1681 1250 1730; x_wconf 90' lang='lat' dir='ltr'><strong>sunt</strong></span> <span class='ocrx_word' id='word_1_94' title='bbox 1278 1672 1376 1756; x_wconf 83' lang='lat' dir='ltr'><strong>multi,</strong></span> 
     </span>
     <span class='ocr_line' id='line_1_13' title="bbox 369 1771 1376 1858; baseline 0 -25"><span class='ocrx_word' id='word_1_95' title='bbox 369 1775 517 1850; x_wconf 19' lang='lat' dir='ltr'><strong>uttmelis</strong></span> <span class='ocrx_word' id='word_1_96' title='bbox 538 1775 700 1858; x_wconf 75' lang='lat' dir='ltr'><strong>gaudeant.</strong></span> <span class='ocrx_word' id='word_1_97' title='bbox 750 1774 944 1852; x_wconf 78' lang='lat' dir='ltr'><strong>Quamquam</strong></span> <span class='ocrx_word' id='word_1_98' title='bbox 960 1771 1009 1832; x_wconf 85' lang='lat' dir='ltr'><strong>his</strong></span> <span class='ocrx_word' id='word_1_99' title='bbox 1028 1773 1172 1833; x_wconf 88' lang='lat' dir='ltr'><strong>omnibus</strong></span> <span class='ocrx_word' id='word_1_100' title='bbox 1189 1773 1275 1833; x_wconf 87' lang='lat' dir='ltr'><strong>nibil</strong></span> <span class='ocrx_word' id='word_1_101' title='bbox 1293 1773 1376 1833; x_wconf 71' lang='lat' dir='ltr'><strong>uliud</strong></span> 
     </span>
     <span class='ocr_line' id='line_1_14' title="bbox 370 1874 1373 1958; baseline -0.001 -21"><span class='ocrx_word' id='word_1_102' title='bbox 370 1877 516 1953; x_wconf 89' lang='lat' dir='ltr'><strong>efficitur,</strong></span> <span class='ocrx_word' id='word_1_103' title='bbox 560 1898 651 1958; x_wconf 86' lang='lat' dir='ltr'><strong>quam</strong></span> <span class='ocrx_word' id='word_1_104' title='bbox 682 1879 819 1958; x_wconf 87' lang='lat' dir='ltr'><strong>potuisse</strong></span> <span class='ocrx_word' id='word_1_105' title='bbox 848 1876 1030 1936; x_wconf 85' lang='lat' dir='ltr'><strong>Terentium</strong></span> <span class='ocrx_word' id='word_1_106' title='bbox 1058 1874 1205 1935; x_wconf 80' lang='lat' dir='ltr'><strong>studeant</strong></span> <span class='ocrx_word' id='word_1_107' title='bbox 1231 1877 1373 1936; x_wconf 85' lang='lat' dir='ltr'><strong>scribere.</strong></span> 
     </span>
     <span class='ocr_line' id='line_1_15' title="bbox 370 1977 1373 2061; baseline -0.002 -21"><span class='ocrx_word' id='word_1_108' title='bbox 370 1979 538 2061; x_wconf 74' lang='lat' dir='ltr'><strong>Scripsisse</strong></span> <span class='ocrx_word' id='word_1_109' title='bbox 560 1999 652 2056; x_wconf 82' lang='lat' dir='ltr'><strong>vero,</strong></span> <span class='ocrx_word' id='word_1_110' title='bbox 684 1982 736 2059; x_wconf 90' lang='lat' dir='ltr'><strong>qui</strong></span> <span class='ocrx_word' id='word_1_111' title='bbox 754 1979 922 2060; x_wconf 75' lang='lat' dir='ltr'><strong>probabit?</strong></span> <span class='ocrx_word' id='word_1_112' title='bbox 964 1977 1042 2053; x_wconf 93' lang='lat' dir='ltr'><strong>„Ubi</strong></span> <span class='ocrx_word' id='word_1_113' title='bbox 1062 1977 1244 2055; x_wconf 74' lang='lat' dir='ltr'><strong>Donatus,“</strong></span> <span class='ocrx_word' id='word_1_114' title='bbox 1270 1980 1373 2059; x_wconf 85' lang='lat' dir='ltr'><strong>inquit,</strong></span> 
     </span>
     <span class='ocr_line' id='line_1_16' title="bbox 367 2081 1374 2164; baseline -0.006 -21"><span class='ocrx_word' id='word_1_115' title='bbox 367 2105 466 2162; x_wconf 77' lang='lat' dir='ltr'><strong>„eum</strong></span> <span class='ocrx_word' id='word_1_116' title='bbox 496 2082 625 2143; x_wconf 72' lang='lat' dir='ltr'><strong>dixisset</strong></span> <span class='ocrx_word' id='word_1_117' title='bbox 655 2083 831 2164; x_wconf 77' lang='lat' dir='ltr'><strong>Cuiquam,</strong></span> <span class='ocrx_word' id='word_1_118' title='bbox 873 2081 984 2140; x_wconf 73' lang='lat' dir='ltr'><strong>intulit</strong></span> <span class='ocrx_word' id='word_1_119' title='bbox 1012 2100 1176 2140; x_wconf 81' lang='lat' dir='ltr'><strong>numerum</strong></span> <span class='ocrx_word' id='word_1_120' title='bbox 1200 2081 1374 2161; x_wconf 73' lang='lat' dir='ltr'><em>pluralem:</em></span> 
     </span>
     <span class='ocr_line' id='line_1_17' title="bbox 367 2185 1372 2266; baseline 0 -22"><span class='ocrx_word' id='word_1_121' title='bbox 367 2199 432 2259; x_wconf 82' lang='lat' dir='ltr'><strong>„ut</strong></span> <span class='ocrx_word' id='word_1_122' title='bbox 451 2186 535 2258; x_wconf 51' lang='lat' dir='ltr'><strong>,auu</strong></span> <span class='ocrx_word' id='word_1_123' title='bbox 544 2207 554 2242; x_wconf 92' lang='lat'><strong>.·</strong></span> <span class='ocrx_word' id='word_1_124' title='bbox 581 2189 611 2243; x_wconf 79' lang='lat' dir='ltr'><strong>si</strong></span> <span class='ocrx_word' id='word_1_125' title='bbox 631 2188 798 2266; x_wconf 82' lang='lat' dir='ltr'><strong>quisquam</strong></span> <span class='ocrx_word' id='word_1_126' title='bbox 817 2195 864 2242; x_wconf 82' lang='lat' dir='ltr'><strong>eet</strong></span> <span class='ocrx_word' id='word_1_127' title='bbox 871 2226 884 2255; x_wconf 91' lang='lat'><strong>,</strong></span> <span class='ocrx_word' id='word_1_128' title='bbox 910 2187 967 2264; x_wconf 82' lang='lat' dir='ltr'><strong>qui</strong></span> <span class='ocrx_word' id='word_1_129' title='bbox 980 2185 1106 2263; x_wconf 73' lang='lat' dir='ltr'><strong>plaeere</strong></span> <span class='ocrx_word' id='word_1_130' title='bbox 1124 2205 1157 2242; x_wconf 80' lang='lat' dir='ltr'><strong>se</strong></span> <span class='ocrx_word' id='word_1_131' title='bbox 1178 2185 1306 2244; x_wconf 77' lang='lat' dir='ltr'><strong>studeat</strong></span> <span class='ocrx_word' id='word_1_132' title='bbox 1323 2185 1372 2243; x_wconf 82' lang='lat' dir='ltr'><strong>to-</strong></span> 
     </span>
     <span class='ocr_line' id='line_1_18' title="bbox 367 2286 1372 2366; baseline -0.001 -19"><span class='ocrx_word' id='word_1_133' title='bbox 367 2289 454 2361; x_wconf 69' lang='lat' dir='ltr'><strong>„nin</strong></span> <span class='ocrx_word' id='word_1_134' title='bbox 505 2286 552 2346; x_wconf 85' lang='lat' dir='ltr'><strong>Itu</strong></span> <span class='ocrx_word' id='word_1_135' title='bbox 580 2287 704 2366; x_wconf 88' lang='lat' dir='ltr'><strong>quidem</strong></span> <span class='ocrx_word' id='word_1_136' title='bbox 727 2286 827 2356; x_wconf 71' lang='lat' dir='ltr'><strong>,bodie</strong></span> <span class='ocrx_word' id='word_1_137' title='bbox 854 2287 972 2348; x_wconf 88' lang='lat' dir='ltr'><strong>editum</strong></span> <span class='ocrx_word' id='word_1_138' title='bbox 998 2296 1059 2346; x_wconf 83' lang='lat' dir='ltr'><strong>eet:</strong></span> <span class='ocrx_word' id='word_1_139' title='bbox 1095 2287 1149 2347; x_wconf 86' lang='lat' dir='ltr'><strong>sed</strong></span> <span class='ocrx_word' id='word_1_140' title='bbox 1170 2289 1243 2348; x_wconf 89' lang='lat' dir='ltr'><strong>luce</strong></span> <span class='ocrx_word' id='word_1_141' title='bbox 1266 2290 1372 2348; x_wconf 83' lang='lat' dir='ltr'><strong>elarius</strong></span> 
     </span>
     <span class='ocr_line' id='line_1_19' title="bbox 367 2388 1372 2474; baseline 0.001 -23"><span class='ocrx_word' id='word_1_142' title='bbox 367 2401 457 2468; x_wconf 70' lang='lat' dir='ltr'><strong>&#39;„est,</strong></span> <span class='ocrx_word' id='word_1_143' title='bbox 478 2389 635 2451; x_wconf 81' lang='lat' dir='ltr'><strong>Donatum</strong></span> <span class='ocrx_word' id='word_1_144' title='bbox 655 2388 706 2450; x_wconf 88' lang='lat' dir='ltr'><strong>hio</strong></span> <span class='ocrx_word' id='word_1_145' title='bbox 724 2389 835 2472; x_wconf 80' lang='lat' dir='ltr'><strong>legisse</strong></span> <span class='ocrx_word' id='word_1_146' title='bbox 852 2389 1005 2450; x_wconf 67' lang='lat' dir='ltr'><strong>studeant.</strong></span> <span class='ocrx_word' id='word_1_147' title='bbox 1044 2389 1221 2451; x_wconf 77' lang='lat' dir='ltr'><strong>Priscianus</strong></span> <span class='ocrx_word' id='word_1_148' title='bbox 1237 2415 1268 2474; x_wconf 88' lang='lat' dir='ltr'><strong>p.</strong></span> <span class='ocrx_word' id='word_1_149' title='bbox 1286 2410 1372 2471; x_wconf 82' lang='lat'><strong>¹099·</strong></span> 
     </span>
     <span class='ocr_line' id='line_1_20' title="bbox 366 2491 1373 2573; baseline -0.002 -17"><span class='ocrx_word' id='word_1_150' title='bbox 366 2495 646 2568; x_wconf 80' lang='lat' dir='ltr'><strong>&#39;„Gonuruuntur,</strong></span> <span class='ocrx_word' id='word_1_151' title='bbox 680 2495 798 2573; x_wconf 87' lang='lat' dir='ltr'><strong>inquit,</strong></span> <span class='ocrx_word' id='word_1_152' title='bbox 833 2491 953 2553; x_wconf 78' lang='lat' dir='ltr'><strong>diversi</strong></span> <span class='ocrx_word' id='word_1_153' title='bbox 973 2496 1113 2552; x_wconf 78' lang='lat' dir='ltr'><strong>numeri:</strong></span> <span class='ocrx_word' id='word_1_154' title='bbox 1158 2498 1324 2554; x_wconf 74' lang='lat' dir='ltr'><strong>Tereiuiue</strong></span> <span class='ocrx_word' id='word_1_155' title='bbox 1342 2498 1373 2553; x_wconf 82' lang='lat' dir='ltr'><strong>in</strong></span> 
     </span>
     <span class='ocr_line' id='line_1_21' title="bbox 366 2577 1373 2688; baseline -0.001 -30"><span class='ocrx_word' id='word_1_156' title='bbox 366 2595 573 2688; x_wconf 76' lang='lat' dir='ltr'><strong>‚,Euuuoho,</strong></span> <span class='ocrx_word' id='word_1_157' title='bbox 617 2597 654 2656; x_wconf 83' lang='lat' dir='ltr'><strong>Si</strong></span> <span class='ocrx_word' id='word_1_158' title='bbox 671 2577 837 2677; x_wconf 70' lang='lat' dir='ltr'><strong>q&#39;uiequum</strong></span> <span class='ocrx_word' id='word_1_159' title='bbox 858 2581 921 2669; x_wconf 73' lang='lat' dir='ltr'><strong>est,</strong></span> <span class='ocrx_word' id='word_1_160' title='bbox 962 2599 1018 2678; x_wconf 81' lang='lat' dir='ltr'><strong>qui</strong></span> <span class='ocrx_word' id='word_1_161' title='bbox 1032 2597 1160 2677; x_wconf 77' lang='lat' dir='ltr'><strong>placere</strong></span> <span class='ocrx_word' id='word_1_162' title='bbox 1179 2617 1213 2656; x_wconf 80' lang='lat' dir='ltr'><strong>ee</strong></span> <span class='ocrx_word' id='word_1_163' title='bbox 1230 2597 1373 2657; x_wconf 80' lang='lat' dir='ltr'><strong>studeant</strong></span> 
     </span>
    </p>
   </div>
   <div class='ocr_carea' id='block_1_3' title="bbox 253 2699 1373 2787">
    <p class='ocr_par' dir='ltr' id='par_1_3' title="bbox 253 2699 1373 2787">
     <span class='ocr_line' id='line_1_22' title="bbox 253 2699 1373 2787; baseline 0 -27"><span class='ocrx_word' id='word_1_164' title='bbox 253 2779 256 2787; x_wconf 26' lang='lat'>¹</span> <span class='ocrx_word' id='word_1_165' title='bbox 366 2701 482 2780; x_wconf 73' lang='lat' dir='ltr'><strong>„bonis</strong></span> <span class='ocrx_word' id='word_1_166' title='bbox 509 2711 568 2762; x_wconf 86' lang='lat' dir='ltr'><strong>eto.</strong></span> <span class='ocrx_word' id='word_1_167' title='bbox 623 2701 796 2781; x_wconf 81' lang='lat' dir='ltr'><strong>Quisquam</strong></span> <span class='ocrx_word' id='word_1_168' title='bbox 829 2703 912 2760; x_wconf 79' lang='lat' dir='ltr'><strong>enim</strong></span> <span class='ocrx_word' id='word_1_169' title='bbox 947 2699 993 2758; x_wconf 81' lang='lat' dir='ltr'><strong>ad</strong></span> <span class='ocrx_word' id='word_1_170' title='bbox 1024 2701 1136 2758; x_wconf 75' lang='lat' dir='ltr'><strong>multos</strong></span> <span class='ocrx_word' id='word_1_171' title='bbox 1168 2702 1373 2783; x_wconf 72' lang='lat' dir='ltr'><strong>intellegitur:</strong></span> 
     </span>
    </p>
   </div>
   <div class='ocr_carea' id='block_1_4' title="bbox 322 2801 1445 4323">
    <p class='ocr_par' dir='ltr' id='par_1_4' title="bbox 337 2801 1445 3806">
     <span class='ocr_line' id='line_1_23' title="bbox 365 2801 1373 2886; baseline 0.003 -24"><span class='ocrx_word' id='word_1_172' title='bbox 365 2801 544 2886; x_wconf 83' lang='lat' dir='ltr'><strong>„quomodo</strong></span> <span class='ocrx_word' id='word_1_173' title='bbox 566 2805 601 2862; x_wconf 82' lang='lat' dir='ltr'><strong>in</strong></span> <span class='ocrx_word' id='word_1_174' title='bbox 622 2801 798 2882; x_wconf 77' lang='lat' dir='ltr'><strong>Adelphis,</strong></span> <span class='ocrx_word' id='word_1_175' title='bbox 825 2803 958 2884; x_wconf 79' lang='lat' dir='ltr'><strong>Aperite</strong></span> <span class='ocrx_word' id='word_1_176' title='bbox 981 2803 1098 2884; x_wconf 83' lang='lat' dir='ltr'><strong>uliquis</strong></span> <span class='ocrx_word' id='word_1_177' title='bbox 1119 2815 1273 2864; x_wconf 74' lang='lat' dir='ltr'><strong>actutum.</strong></span> <span class='ocrx_word' id='word_1_178' title='bbox 1318 2804 1373 2865; x_wconf 85' lang='lat' dir='ltr'><strong>Ubi</strong></span> 
     </span>
     <span class='ocr_line' id='line_1_24' title="bbox 337 2904 1445 2988; baseline -0.002 -20"><span class='ocrx_word' id='word_1_179' title='bbox 337 2979 339 2984; x_wconf 29' lang='grc' dir='ltr'>Ι</span> <span class='ocrx_word' id='word_1_180' title='bbox 365 2905 557 2981; x_wconf 81' lang='lat' dir='ltr'><strong>„Putsohiue</strong></span> <span class='ocrx_word' id='word_1_181' title='bbox 587 2905 712 2986; x_wconf 89' lang='lat' dir='ltr'><strong>quidem</strong></span> <span class='ocrx_word' id='word_1_182' title='bbox 741 2904 867 2964; x_wconf 81' lang='lat' dir='ltr'><strong>studeat</strong></span> <span class='ocrx_word' id='word_1_183' title='bbox 894 2905 997 2981; x_wconf 84' lang='lat' dir='ltr'><strong>dedit,</strong></span> <span class='ocrx_word' id='word_1_184' title='bbox 1036 2907 1131 2988; x_wconf 82' lang='lat' dir='ltr'><strong>plane</strong></span> <span class='ocrx_word' id='word_1_185' title='bbox 1165 2919 1277 2967; x_wconf 86' lang='lat' dir='ltr'><strong>contra</strong></span> <span class='ocrx_word' id='word_1_186' title='bbox 1314 2908 1371 2966; x_wconf 89' lang='lat' dir='ltr'><strong>loci</strong></span> <span class='ocrx_word' id='word_1_187' title='bbox 1443 2939 1445 2946; x_wconf 89' lang='grc'><strong><em>·</em></strong></span> 
     </span>
     <span class='ocr_line' id='line_1_25' title="bbox 363 2995 1443 3090; baseline -0.001 -19"><span class='ocrx_word' id='word_1_188' title='bbox 363 3009 587 3087; x_wconf 79' lang='lat' dir='ltr'><strong>„sententiam</strong></span> <span class='ocrx_word' id='word_1_189' title='bbox 630 3007 671 3070; x_wconf 86' lang='lat' dir='ltr'><strong>At</strong></span> <span class='ocrx_word' id='word_1_190' title='bbox 698 3019 796 3070; x_wconf 87' lang='lat' dir='ltr'><strong>testor</strong></span> <span class='ocrx_word' id='word_1_191' title='bbox 825 3029 881 3089; x_wconf 85' lang='lat' dir='ltr'><strong>ego</strong></span> <span class='ocrx_word' id='word_1_192' title='bbox 910 3029 960 3067; x_wconf 87' lang='lat' dir='ltr'><strong>me</strong></span> <span class='ocrx_word' id='word_1_193' title='bbox 989 3009 1024 3068; x_wconf 92' lang='lat' dir='ltr'><strong>in</strong></span> <span class='ocrx_word' id='word_1_194' title='bbox 1052 3019 1198 3090; x_wconf 78' lang='lat' dir='ltr'><strong>quattuor</strong></span> <span class='ocrx_word' id='word_1_195' title='bbox 1226 3010 1371 3070; x_wconf 77' lang='lat' dir='ltr'><strong>Prisciani</strong></span> <span class='ocrx_word' id='word_1_196' title='bbox 1442 2995 1443 3018; x_wconf 47' lang='lat'>¹</span> 
     </span>
     <span class='ocr_line' id='line_1_26' title="bbox 364 3110 1369 3196; baseline -0.002 -23"><span class='ocrx_word' id='word_1_197' title='bbox 364 3111 621 3196; x_wconf 80' lang='lat' dir='ltr'><strong>„exemplaribus</strong></span> <span class='ocrx_word' id='word_1_198' title='bbox 649 3110 795 3172; x_wconf 81' lang='lat' dir='ltr'><strong>studeant</strong></span> <span class='ocrx_word' id='word_1_199' title='bbox 820 3113 1031 3194; x_wconf 82' lang='lat' dir='ltr'><strong>repperisse.“</strong></span> <span class='ocrx_word' id='word_1_200' title='bbox 1094 3110 1263 3192; x_wconf 82' lang='lat' dir='ltr'><strong>Indignum</strong></span> <span class='ocrx_word' id='word_1_201' title='bbox 1291 3133 1369 3186; x_wconf 84' lang='lat' dir='ltr'><strong>vero,</strong></span> 
     </span>
     <span class='ocr_line' id='line_1_27' title="bbox 365 3211 1370 3295; baseline 0.003 -24"><span class='ocrx_word' id='word_1_202' title='bbox 365 3226 490 3276; x_wconf 80' lang='lat' dir='ltr'><strong>tentum</strong></span> <span class='ocrx_word' id='word_1_203' title='bbox 510 3211 612 3276; x_wconf 84' lang='lat' dir='ltr'><strong>virum</strong></span> <span class='ocrx_word' id='word_1_204' title='bbox 636 3215 675 3274; x_wconf 93' lang='lat' dir='ltr'><strong>ob</strong></span> <span class='ocrx_word' id='word_1_205' title='bbox 697 3217 855 3275; x_wconf 83' lang='lat' dir='ltr'><strong>tantillum</strong></span> <span class='ocrx_word' id='word_1_206' title='bbox 874 3235 941 3274; x_wconf 86' lang='lat' dir='ltr'><strong>rem</strong></span> <span class='ocrx_word' id='word_1_207' title='bbox 963 3215 1060 3274; x_wconf 81' lang='lat' dir='ltr'><strong>itane</strong></span> <span class='ocrx_word' id='word_1_208' title='bbox 1080 3236 1205 3295; x_wconf 78' lang='lat' dir='ltr'><strong>pessum</strong></span> <span class='ocrx_word' id='word_1_209' title='bbox 1230 3237 1299 3276; x_wconf 86' lang='lat' dir='ltr'><strong>esse</strong></span> <span class='ocrx_word' id='word_1_210' title='bbox 1321 3237 1370 3274; x_wconf 88' lang='lat' dir='ltr'><strong>cu·</strong></span> 
     </span>
     <span class='ocr_line' id='line_1_28' title="bbox 364 3316 1370 3396; baseline 0.004 -22"><span class='ocrx_word' id='word_1_211' title='bbox 364 3316 496 3396; x_wconf 83' lang='lat' dir='ltr'><strong>piditute</strong></span> <span class='ocrx_word' id='word_1_212' title='bbox 514 3318 633 3396; x_wconf 78' lang='lat' dir='ltr'><strong>abripi,</strong></span> <span class='ocrx_word' id='word_1_213' title='bbox 654 3328 691 3376; x_wconf 91' lang='lat' dir='ltr'><strong>ut</strong></span> <span class='ocrx_word' id='word_1_214' title='bbox 711 3337 752 3376; x_wconf 89' lang='lat' dir='ltr'><strong>ne</strong></span> <span class='ocrx_word' id='word_1_215' title='bbox 774 3337 792 3377; x_wconf 84' lang='lat' dir='ltr'>a</span> <span class='ocrx_word' id='word_1_216' title='bbox 812 3318 922 3379; x_wconf 74' lang='lat' dir='ltr'><strong>{raude</strong></span> <span class='ocrx_word' id='word_1_217' title='bbox 941 3317 1067 3396; x_wconf 89' lang='lat' dir='ltr'><strong>quidem</strong></span> <span class='ocrx_word' id='word_1_218' title='bbox 1090 3327 1123 3377; x_wconf 87' lang='lat' dir='ltr'><strong>et</strong></span> <span class='ocrx_word' id='word_1_219' title='bbox 1142 3319 1268 3378; x_wconf 83' lang='lat' dir='ltr'><strong>fallacia</strong></span> <span class='ocrx_word' id='word_1_220' title='bbox 1283 3321 1370 3378; x_wconf 85' lang='lat' dir='ltr'><strong>auxi-</strong></span> 
     </span>
     <span class='ocr_line' id='line_1_29' title="bbox 363 3417 1400 3500; baseline 0.001 -23"><span class='ocrx_word' id='word_1_221' title='bbox 363 3417 443 3478; x_wconf 90' lang='lat' dir='ltr'><strong>lium</strong></span> <span class='ocrx_word' id='word_1_222' title='bbox 466 3427 573 3500; x_wconf 85' lang='lat' dir='ltr'><strong>petere</strong></span> <span class='ocrx_word' id='word_1_223' title='bbox 594 3417 840 3498; x_wconf 79' lang='lat' dir='ltr'><strong>adspemaretur.</strong></span> <span class='ocrx_word' id='word_1_224' title='bbox 882 3419 944 3478; x_wconf 88' lang='lat' dir='ltr'><strong>Cur</strong></span> <span class='ocrx_word' id='word_1_225' title='bbox 965 3421 1049 3479; x_wconf 89' lang='lat' dir='ltr'><strong>enim</strong></span> <span class='ocrx_word' id='word_1_226' title='bbox 1070 3423 1182 3499; x_wconf 80' lang='lat' dir='ltr'><strong>tacuit,</strong></span> <span class='ocrx_word' id='word_1_227' title='bbox 1214 3432 1248 3480; x_wconf 87' lang='lat' dir='ltr'><strong>et</strong></span> <span class='ocrx_word' id='word_1_228' title='bbox 1267 3421 1369 3480; x_wconf 86' lang='lat' dir='ltr'><strong>Dona·</strong></span> <span class='ocrx_word' id='word_1_229' title='bbox 1397 3449 1400 3456; x_wconf 58' lang='lat'><strong><em>⁴</em></strong></span> 
     </span>
     <span class='ocr_line' id='line_1_30' title="bbox 365 3521 1368 3600; baseline 0.003 -21"><span class='ocrx_word' id='word_1_230' title='bbox 365 3531 434 3582; x_wconf 88' lang='lat' dir='ltr'><strong>tum</strong></span> <span class='ocrx_word' id='word_1_231' title='bbox 453 3523 516 3582; x_wconf 87' lang='lat' dir='ltr'><strong>isto</strong></span> <span class='ocrx_word' id='word_1_232' title='bbox 537 3521 624 3597; x_wconf 88' lang='lat' dir='ltr'><strong>loco,</strong></span> <span class='ocrx_word' id='word_1_233' title='bbox 647 3541 740 3599; x_wconf 88' lang='lat' dir='ltr'><strong>quem</strong></span> <span class='ocrx_word' id='word_1_234' title='bbox 760 3523 865 3597; x_wconf 83' lang='lat' dir='ltr'><strong>affert,</strong></span> <span class='ocrx_word' id='word_1_235' title='bbox 884 3522 924 3582; x_wconf 87' lang='lat' dir='ltr'><strong>ad</strong></span> <span class='ocrx_word' id='word_1_236' title='bbox 944 3521 1040 3582; x_wconf 85' lang='lat' dir='ltr'><strong>Andr.</strong></span> <span class='ocrx_word' id='word_1_237' title='bbox 1062 3521 1112 3600; x_wconf 86' lang='lat' dir='ltr'><strong>lv,</strong></span> <span class='ocrx_word' id='word_1_238' title='bbox 1137 3541 1165 3597; x_wconf 90' lang='lat'><strong>1,</strong></span> <span class='ocrx_word' id='word_1_239' title='bbox 1187 3521 1218 3581; x_wconf 77' lang='lat'><strong>3.</strong></span> <span class='ocrx_word' id='word_1_240' title='bbox 1240 3533 1272 3583; x_wconf 85' lang='lat' dir='ltr'><strong>et</strong></span> <span class='ocrx_word' id='word_1_241' title='bbox 1292 3523 1368 3582; x_wconf 79' lang='lat' dir='ltr'><strong>Pris-</strong></span> 
     </span>
     <span class='ocr_line' id='line_1_31' title="bbox 366 3623 1077 3706; baseline -0.003 -23"><span class='ocrx_word' id='word_1_242' title='bbox 366 3625 509 3699; x_wconf 86' lang='lat' dir='ltr'><strong>cianum,</strong></span> <span class='ocrx_word' id='word_1_243' title='bbox 543 3623 637 3684; x_wconf 89' lang='lat' dir='ltr'><strong>etiam</strong></span> <span class='ocrx_word' id='word_1_244' title='bbox 659 3625 751 3684; x_wconf 90' lang='lat' dir='ltr'><strong>illum</strong></span> <span class='ocrx_word' id='word_1_245' title='bbox 773 3645 897 3686; x_wconf 87' lang='lat' dir='ltr'><strong>versum</strong></span> <span class='ocrx_word' id='word_1_246' title='bbox 919 3625 1077 3706; x_wconf 84' lang='lat' dir='ltr'><strong>adjecisse,</strong></span> 
     </span>
     <span class='ocr_line' id='line_1_32' title="bbox 494 3723 1234 3806; baseline 0 -20"><span class='ocrx_word' id='word_1_247' title='bbox 494 3729 531 3786; x_wconf 84' lang='lat' dir='ltr'><strong>iu</strong></span> <span class='ocrx_word' id='word_1_248' title='bbox 552 3725 603 3785; x_wconf 79' lang='lat' dir='ltr'><strong>lu&#39;e</strong></span> <span class='ocrx_word' id='word_1_249' title='bbox 619 3739 714 3806; x_wconf 84' lang='lat' dir='ltr'><strong>poeta</strong></span> <span class='ocrx_word' id='word_1_250' title='bbox 733 3723 788 3786; x_wconf 77' lang='lat' dir='ltr'><strong>lu&#39;e</strong></span> <span class='ocrx_word' id='word_1_251' title='bbox 805 3747 914 3787; x_wconf 79' lang='lat' dir='ltr'><strong>nomen</strong></span> <span class='ocrx_word' id='word_1_252' title='bbox 926 3730 1094 3806; x_wconf 75' lang='lat' dir='ltr'><strong>profitetur</strong></span> <span class='ocrx_word' id='word_1_253' title='bbox 1113 3729 1234 3788; x_wconf 82' lang='lat' dir='ltr'><strong>suum?</strong></span> 
     </span>
    </p>

    <p class='ocr_par' dir='ltr' id='par_1_5' title="bbox 322 3827 1365 4323">
     <span class='ocr_line' id='line_1_33' title="bbox 364 3827 1365 3916; baseline -0.001 -25"><span class='ocrx_word' id='word_1_254' title='bbox 364 3827 414 3891; x_wconf 82' lang='lat' dir='ltr'><strong>Ex</strong></span> <span class='ocrx_word' id='word_1_255' title='bbox 428 3838 613 3916; x_wconf 17' lang='lat' dir='ltr'><strong>quoyaperte</strong></span> <span class='ocrx_word' id='word_1_256' title='bbox 629 3835 842 3912; x_wconf 84' lang='lat' dir='ltr'><strong>consequitur,</strong></span> <span class='ocrx_word' id='word_1_257' title='bbox 863 3841 899 3890; x_wconf 89' lang='lat' dir='ltr'><strong>ut</strong></span> <span class='ocrx_word' id='word_1_258' title='bbox 916 3832 1076 3911; x_wconf 86' lang='lat' dir='ltr'><strong>potuerint</strong></span> <span class='ocrx_word' id='word_1_259' title='bbox 1094 3830 1198 3910; x_wconf 86' lang='lat' dir='ltr'><strong>legere</strong></span> <span class='ocrx_word' id='word_1_260' title='bbox 1218 3829 1365 3902; x_wconf 78' lang='lat' dir='ltr'><strong>studeant,</strong></span> 
     </span>
     <span class='ocr_line' id='line_1_34' title="bbox 322 3911 1365 4012; baseline -0.002 -20"><span class='ocrx_word' id='word_1_261' title='bbox 322 3911 325 3924; x_wconf 53' lang='lat'><strong>,</strong></span> <span class='ocrx_word' id='word_1_262' title='bbox 365 3941 472 3992; x_wconf 86' lang='lat' dir='ltr'><strong>tamen</strong></span> <span class='ocrx_word' id='word_1_263' title='bbox 499 3951 566 3991; x_wconf 89' lang='lat' dir='ltr'><strong>non</strong></span> <span class='ocrx_word' id='word_1_264' title='bbox 593 3931 694 3992; x_wconf 87' lang='lat' dir='ltr'><strong>solum</strong></span> <span class='ocrx_word' id='word_1_265' title='bbox 721 3953 786 3992; x_wconf 92' lang='lat' dir='ltr'><strong>non</strong></span> <span class='ocrx_word' id='word_1_266' title='bbox 813 3925 886 3993; x_wconf 83' lang='lat' dir='ltr'><strong>luce</strong></span> <span class='ocrx_word' id='word_1_267' title='bbox 913 3917 1042 4008; x_wconf 78' lang='lat' dir='ltr'><strong>clarius,</strong></span> <span class='ocrx_word' id='word_1_268' title='bbox 1079 3933 1133 3992; x_wconf 86' lang='lat' dir='ltr'><strong>sed</strong></span> <span class='ocrx_word' id='word_1_269' title='bbox 1154 3936 1261 4012; x_wconf 77' lang='lat' dir='ltr'><strong>potius</strong></span> <span class='ocrx_word' id='word_1_270' title='bbox 1282 3936 1365 3997; x_wconf 80' lang='lat' dir='ltr'><strong>valde</strong></span> 
     </span>
     <span class='ocr_line' id='line_1_35' title="bbox 364 4033 1365 4116; baseline -0.002 -22"><span class='ocrx_word' id='word_1_271' title='bbox 364 4035 495 4095; x_wconf 86' lang='lat' dir='ltr'><strong>dubium</strong></span> <span class='ocrx_word' id='word_1_272' title='bbox 515 4053 599 4109; x_wconf 84' lang='lat' dir='ltr'><strong>esse,</strong></span> <span class='ocrx_word' id='word_1_273' title='bbox 625 4034 660 4094; x_wconf 89' lang='lat' dir='ltr'><strong>id</strong></span> <span class='ocrx_word' id='word_1_274' title='bbox 684 4054 736 4094; x_wconf 86' lang='lat' dir='ltr'><strong>eos</strong></span> <span class='ocrx_word' id='word_1_275' title='bbox 757 4038 793 4094; x_wconf 85' lang='lat' dir='ltr'><strong>in</strong></span> <span class='ocrx_word' id='word_1_276' title='bbox 812 4035 901 4095; x_wconf 85' lang='lat' dir='ltr'><strong>libris</strong></span> <span class='ocrx_word' id='word_1_277' title='bbox 922 4035 986 4094; x_wconf 85' lang='lat' dir='ltr'><strong>suis</strong></span> <span class='ocrx_word' id='word_1_278' title='bbox 1005 4033 1164 4112; x_wconf 80' lang='lat' dir='ltr'><strong>habuisse,</strong></span> <span class='ocrx_word' id='word_1_279' title='bbox 1195 4057 1309 4116; x_wconf 89' lang='lat' dir='ltr'><strong>quum,</strong></span> <span class='ocrx_word' id='word_1_280' title='bbox 1337 4044 1365 4093; x_wconf 81' lang='lat' dir='ltr'><strong>ut</strong></span> 
     </span>
     <span class='ocr_line' id='line_1_36' title="bbox 363 4117 1364 4218; baseline -0.002 -22"><span class='ocrx_word' id='word_1_281' title='bbox 363 4137 517 4218; x_wconf 76' lang='lat' dir='ltr'><strong>pluralem</strong></span> <span class='ocrx_word' id='word_1_282' title='bbox 537 4117 570 4196; x_wconf 88' lang='lat' dir='ltr'><strong>et</strong></span> <span class='ocrx_word' id='word_1_283' title='bbox 590 4136 779 4216; x_wconf 80' lang='lat' dir='ltr'><strong>singularem</strong></span> <span class='ocrx_word' id='word_1_284' title='bbox 800 4138 948 4217; x_wconf 80' lang='lat' dir='ltr'><strong>conjungi</strong></span> <span class='ocrx_word' id='word_1_285' title='bbox 970 4136 1187 4215; x_wconf 86' lang='lat' dir='ltr'><strong>ostenderent,</strong></span> <span class='ocrx_word' id='word_1_286' title='bbox 1228 4139 1311 4199; x_wconf 83' lang='lat' dir='ltr'><strong>illud</strong></span> <span class='ocrx_word' id='word_1_287' title='bbox 1335 4141 1364 4194; x_wconf 81' lang='lat' dir='ltr'><strong>iu</strong></span> 
     </span>
     <span class='ocr_line' id='line_1_37' title="bbox 362 4237 1362 4323; baseline 0.004 -25"><span class='ocrx_word' id='word_1_288' title='bbox 362 4239 414 4300; x_wconf 82' lang='lat' dir='ltr'><strong>hie</strong></span> <span class='ocrx_word' id='word_1_289' title='bbox 444 4237 654 4323; x_wconf 68' lang='lat' dir='ltr'><strong>adjiciendum</strong></span> <span class='ocrx_word' id='word_1_290' title='bbox 677 4237 843 4322; x_wconf 77' lang='lat' dir='ltr'><strong>duxerint,</strong></span> <span class='ocrx_word' id='word_1_291' title='bbox 883 4259 960 4320; x_wconf 87' lang='lat' dir='ltr'><strong>quo,</strong></span> <span class='ocrx_word' id='word_1_292' title='bbox 1001 4241 1027 4298; x_wconf 85' lang='lat' dir='ltr'><strong>si</strong></span> <span class='ocrx_word' id='word_1_293' title='bbox 1048 4237 1197 4301; x_wconf 76' lang='lat' dir='ltr'><strong>studeant</strong></span> <span class='ocrx_word' id='word_1_294' title='bbox 1217 4242 1362 4322; x_wconf 72' lang='lat' dir='ltr'><strong>legebant,</strong></span> 
     </span>
    </p>
   </div>
   <div class='ocr_carea' id='block_1_5' title="bbox 0 0 1464 5008">
    <p class='ocr_par' dir='ltr' id='par_1_6' title="bbox 0 0 1464 5008">
     <span class='ocr_line' id='line_1_38' title="bbox 0 0 1464 5008; baseline 0 4"><span class='ocrx_word' id='word_1_295' title='bbox 0 0 1464 5008; x_wconf 95' lang='lat' dir='ltr'><strong> </strong></span> 
     </span>
    </p>
   </div>
  </div>
 </body>
</html>
