2986 4980
512 785 514 790 .
554 719 621 820 Ep.
636 718 735 796 ΧΠ.
760 809 762 814 Ι

206 906 297 970 sarto
322 885 447 970 sunno
471 909 665 966 nrctttnno
691 907 894 984 taurento,
929 913 956 970 s.
977 910 1011 963 a.
1026 913 1029 923 ’
1046 913 1088 982 ιι.1
1110 915 1116 977 j
1137 939 1154 964 .·.

399 1039 402 1047 ’
488 1048 515 1097 J·
541 1049 578 1096 G.
604 1045 801 1106 onanvms.

214 1186 470 1280 Grodeoltlus,
510 1189 572 1264 cui
610 1209 690 1263 tuas
723 1189 962 1270 commiseris
995 1181 1212 1289 littorariae

141 1331 212 1408 Ill.
238 1330 327 1406 Kal.
363 1312 581 1403 Decembris
618 1325 770 1426 scriptas
803 1341 905 1401 anno
945 1327 1156 1428 superiore,

91 1443 93 1450 Ι
144 1465 238 1542 mihi
259 1458 454 1539 tradendas
473 1457 614 1532 cutavit
634 1485 769 1558 paucos
782 1482 868 1538 ante
881 1460 971 1540 dies
1022 1461 1148 1592 Ipsum

29 1621 34 1628 ·
146 1625 222 1674 non
245 1596 398 1690 vidi-‚⁹
371 1623 447 1671 srva
468 1613 588 1668 tantae
614 1591 790 1671 tarditatis
813 1593 1023 1718 pudore,
995 1623 1072 1672 save
1087 1615 1163 1671 ιιι)-1

146 1757 259 1810 stram
282 1733 415 1807 urbem
441 1755 518 1805 non
539 1717 733 1805 transierit.
807 1711 1018 1807 Potuissent
1043 1731 1167 1808 citius
1242 1763 1244 1772 ’

144 1868 193 1944 ad
219 1887 402 1944 extremos
409 1868 519 1943 Seras
531 1883 615 1938 tuae
632 1863 799 1964 perferri
851 1857 1006 1944 Gaudeo
1032 1879 1156 1940 minen

145 1999 222 2080 non
246 2029 306 2079 eas
330 2001 438 2104 plane
461 1991 712 2097 intercidisse,
750 1991 924 2074 sed'cum
946 1997 1159 2098 gratissimo·

147 2163 302 2216 munere
322 2118 610 2244 pcrvenissu‘ud¹
626 2159 706 2212 nos.
756 2132 872 2237 Quod
897 2121 1026 2236 quanti
1051 2133 1164 2208 assai.-

147 2300 248 2350 mem
266 2271 327 2350 vel
346 2270 436 2346 hino
459 2258 601 2369 poteris
628 2261 854 2369 intelligere,
891 2266 994 2370 quod
1018 2268 1162 2344 nostrisv

148 2407 365 2484 hominihus
392 2403 654 2516 persuaserim,
693 2419 741 2484 u't'
758 2406 828 2484 hos
856 2427 939 2480 tuos
965 2393 1162 2488 sermonen

151 2543 428 2620 convertentia
450 2538 612 2638 linguam
633 2541 841 2640 Belgicam,
873 2523 935 2616 eui
949 2541 1054 2642 operi
1070 2567 1162 2642 pros·

151 2678 303 2782 pediam
335 2665 581 2781 accingentur.
632 2673 793 2751 Mirifice
821 2704 881 2752 me
908 2678 1009 2776 cepit
1035 2698 1073 2753 et
1102 2697 1163 2756 tar-‚⁴
1246 2665 1248 2668 ⁵

153 2833 412 2916 gumentorum
437 2810 580 2885 novitas
604 2830 639 2886 et
659 2811 827 2913 gravitas,
851 2813 1015 2912 quamvis
1031 2813 1159 2888 inillis
1226 2857 1229 2870 ι

153 2948 320 3052 legendis
335 2975 423 3022 usus
437 2947 506 3022 sim
528 2946 740 3046 interprete.
755 2970 759 2975 ·
793 2945 900 3023 Nihil
914 2948 1007 3024 mihi
1022 2947 1157 3028 accidit

155 3085 335 3186 optatius,
368 3109 478 3182 quam
502 3081 533 3154 si
557 3095 593 3157 e't
614 3100 752 3177 cetera,
790 3084 942 3183 quaein
964 3083 1160 3159 hanesen·

156 3219 310 3296 tentiam
332 3187 530 3316 scripsisti,
562 3217 704 3295 videro.
755 3217 927 3294 Nostram
951 3197 1163 3298 orationem*

156 3381 231 3430 non
261 3339 492 3453 displicuisse
514 3341 658 3452 Magnis
682 3353 802 3450 Viris,
835 3355 1056 3453 quibuscum
1080 3372 1164 3436 eam'
1222 3391 1225 3396 ¹

157 3471 458 3582 communicasti,
510 3487 641 3577 laetor,
730 3489 846 3578 Quod
895 3490 994 3565 enim
1043 3500 1159 3593 majas

160 3651 291 3727 operae
320 3623 480 3722 pretium
505 3623 602 3698 ferro
632 3609 803 3726 possum,
843 3653 951 3760 quam
983 3651 1060 3702 non
1092 3627 1161 3701 im·
1158 3605 1228 3724 riti

160 3763 309 3864 probari
328 3785 448 3834 meam
467 3759 761 3842 lucubrationem
782 3761 897 3836 vobis.
942 3761 1165 3889 Exemplum

162 3896 261 3973 aliud
290 3879 480 3972 Orationis
512 3894 622 3994 hujus
654 3895 832 3992 habebis,
868 3897 977 3998 simul
1012 3925 1055 3972 ao
1091 3923 1160 3998 ego

162 4031 346 4126 habuero,
374 4030 436 4105 cui
459 4051 556 4106 recte
579 4030 673 4106 dem
702 4033 916 4133 Fragmenta
937 4015 1162 4131 Callimachi,

163 4159 215 4240 mi
241 4195 262 4241 a
285 4187 321 4240 te
347 4187 432 4240 sunt
462 4149 701 4280 composita,
725 4189 762 4242 ct
793 4169 988 4264 illustrata,
1021 4165 1161 4249 ιιιίιιιιιιι
