2986 4980
1112 445 1166 524 29

159 634 253 712 uino
282 627 421 732 differri
450 625 584 740 velim5'
625 626 744 737 donec
768 615 962 733 integriora
994 629 1034 712 et·
1057 630 1165 736 plura

158 769 226 846 illa
244 793 290 846 ex
312 765 446 844 chartis
468 763 601 844 uostris
628 766 818 868 acceperis
868 767 925 844 Te
948 795 1034 847 vero
1060 772 1165 849 obse-

86 985 92 997 ,
125 985 128 990 ,
159 933 243 1003 cro,
276 923 319 979 ut
348 901 541 979 certiorem
568 927 628 976 me
658 901 784 1000 iacias,
822 929 869 976 au
887 894 970 980 -hoc
998 927 1165 982 nostrum

159 1040 360 1120 consilium
380 1038 449 1114 tibi
470 1038 610 1139 placeat
633 1063 767 1133 necne3
797 1059 834 1114 et
859 1065 981 1115 annon
1003 1065 1084 1117 sero
1108 1042 1166 1116 ni·

58 1199 61 1214 ·
159 1178 232 1256 mis
259 1176 352 1250 haee
377 1170 529 1252 fabuler.¹
598 1172 642 1248 Si
673 1172 772 1248 enim
804 1179 877 1276 jam
915 1200 1042 1252 excusa
1080 1199 1166 1254 sunt

159 1315 390 1414 Fragmenta,
411 1337 478 1386 cur
502 1336 569 1412 ego
588 1308 733 1384 inanem
753 1308 794 1398 in
814 1309 1058 1426 describendo
1078 1305 1166 1415 ope·
1270 1387 1282 1393 ,,
1397 1295 1400 1300 ’

162 1477 244 1528 ram
267 1445 509 1523 eonsmmmt
566 1444 674 1521 Mitte
694 1471 779 1524 vero
804 1443 853 1520 ad
878 1473 938 1523 me
962 1447 1099 1524 litteras
1123 1464 1167 1526 ut

166 1583 327 1688 primum
345 1577 414 1662 tibi
432 1581 506 1657 erit
529 1579 765 1659 commodum
786 1607 853 1683 per
864 1559 1082 1661 tabellarios
1098 1613 1168 1687 pu·

167 1721 304 1797 blicos:
335 1745 421 1792 nam
445 1716 657 1820 pecuniolae
686 1714 783 1790 illud
814 1714 1048 1818 dispendium
1071 1719 1169 1797 nihil

156 1883 302 1936 moror.
353 1851 466 1944 Quod
481 1853 513 1928 si
532 1852 642 1972 etiam
659 1851 763 1946 solia,
795 1865 981 1954 quotquot·
995 1854 1169 1957 impressa
1305 1841 1307 1847 ⁸

166 2013 267 2068 nunc
293 2011 396 2086 sunt,
432 2016 499 2091 per
522 1985 771 2079 Wetstenium
791 1988 852 2064 vel
874 1987 986 2063 alium
1006 1991 1169 2091 quemvis

127 2156 129 2160 ·
167 2126 217 2204 ad
247 2109 720 2227 bibliopolamquemlibet
749 2107 794 2198 en
819 2122 953 2199 uostris
983 2125 1171 2203 tradantur

168 2261 217 2340 ad
241 2289 302 2337 me
324 2259 520 2358 mittenda3
555 2278 650 2333 recte
673 2278 727 2333 sat
747 2252 826 2335 scio
850 2261 1094 2362 curabuntur3
1133 2279 1171 2340 et

170 2425 216 2476 eo
235 2418 344 2502 pacto
368 2395 435 2470 ubi
458 2397 614 2470 formam
643 2413 679 2468 et
701 2392 877 2470 rationem
911 2398 1029 2498 operis
1053 2400 1172 2496 pervi-

175 2533 280 2632 dero,
320 2533 426 2632 plura
454 2532 603 2607 fortasse
624 2530 673 2607 ad
696 2529 894 2605 editionem
919 2551 1020 2606 tuam
1040 2561 1172 2610 ornau-

172 2669 257 2762 dam
279 2669 603 2766 conferrepotero.
652 2665 728 2742 Sed
750 2665 840 2741 haec
854 2665 974 2780 primo
987 2691 1171 2768 autumno.
1249 2639 1254 2644 ἱ

75 2862 80 2868 -
171 2803 282 2884 Nunc
303 2831 366 2880 me
388 2825 554 2878 exercent
572 2801 829 2905 praelectiones
849 2808 1006 2904 nupera
1028 2830 1087 2878 me
1107 2779 1173 2880 ha·

171 2941 267 3017 bitae
286 2938 455 3016 adversus
481 2936 680 3038 Religionis
701 2938 767 3011 Xt.
793 2937 934 3034 hostes,
969 2964 1063 3041 quae
1088 2967 1173 3018 mox

171 3077 279 3179 prelo
303 3072 550 3172 subjiciendae
582 3091 675 3146 sunt.
730 3071 810 3148 Hae
839 3075 1018 3150 obeuntur
1045 3100 1089 3150 ex
1120 3095 1173 3152 te·

173 3230 351 3286 stamento
371 3207 590 3285 nobilissimi
608 3229 646 3282 et
664 3207 773 3310 plane
796 3205 910 3284 divini
929 3207 1031 3286 illius
1052 3211 1178 3290 herois

174 3345 326 3422 Roberti
346 3343 491 3448 Boylei,
530 3344 624 3417 fama
652 3369 761 3444 super
788 3343 932 3419 aethera
962 3348 1053 3422 noti.
1113 3348 1174 3424 Ad

173 3480 249 3558 hoc
274 3507 405 3556 munus
429 3481 570 3582 primus
587 3478 751 3554 omnium
771 3477 932 3555 delectus
948 3508 1029 3556 sum
1042 3483 1239 3567 abhinc-55¹

174 3613 381 3692 triennium.
432 3616 541 3691 Anno
565 3614 698 3715 elapso,
729 3639 788 3690 me
813 3616 954 3716 excepit
975 3617 1175 3722 Episcopus

175 3749 440 3827 Bathoniensis.
489 3748 602 3823 Nunc
614 3748 748 3823 iterum
765 3773 941 3845 evocatus,
965 3749 1004 3823 in
1025 3778 1069 3830 eo
1083 3749 1183 3850 sum,¹

175 3885 279 3961 utin
307 3885 427 3960 lucem
457 3883 641 3986 publicam
663 3883 787 3980 edam,
824 3911 914 3984 quae
936 3885 1035 3989 apud
1060 3915 1178 3992 popu.

176 4020 256 4095 lum
280 4022 514 4110 concionatus
539 4021 629 4094 sum.
669 3991 836 4096 ''Priores
867 4015 951 4096 illae
984 4023 1177 4100 conciones

177 4160 252 4255 jam
275 4155 467 4258 aliquoties
492 4163 639 4231 excusae
665 4177 757 4231 sunt.
821 4153 933 4244 Quod
958 4153 1006 4229 ad
1034 4158 1178 4234 Cicero·
1212 4249 1217 4262 .
